2572 4732
253 427 330 531 Per.
345 424 401 515 ll.
419 421 456 494 A
475 421 591 497 cone.
604 421 658 493 M.
675 444 750 516 usq.
765 421 819 532 ud
830 419 997 516 Gregor.
1012 420 1066 493 M.
1112 421 1164 511 'td

155 604 418 707 Pelagianomm
443 610 546 701 (quos
573 618 704 679 veteres
721 599 1164 684 DoctoresMnssilienses

156 718 344 808 dixerunt);
370 715 432 785 sed
457 714 526 784 hoc
551 724 682 783 tanturn
696 714 742 783 de
769 716 931 783 sententis
953 715 1161 807 dogmatica,

157 823 213 893 cui
239 820 381 909 addicti,
415 819 515 886 valet.
581 819 659 898 Pari
693 817 798 888 modo
830 818 1163 889 Praedestinatr'ani

142 927 268 996 'vocati
284 933 359 992 sunt
384 922 565 991 strictiores
586 921 782 989 defensores
810 921 982 990 doctrinae
997 922 1044 992 de'
1057 946 1161 1015 prae·

126 1029 396 1111 .destiuatione,
431 1024 620 1114 dequibus
647 1025 681 1091 in
706 1025 793 1092 libro
820 1048 1007 1116 anonymo:
1041 1026 1162 1096 Prae-
1259 1065 1262 1069 -

155 1124 366 1217 destinatus,
393 1151 481 1197 saec.
503 1128 536 1196 V
568 1129 712 1220 scripto,
740 1130 931 1219 exponitur.
983 1129 1024 1197 ln
1049 1129 1162 1199 Gallia
1219 1181 1222 1187 -

154 1237 310 1356 pluribus
335 1233 529 1302 doctoribus
538 1232 714 1326 placuit'
684 1255 738 1300 vra
755 1233 814 1300 illa
835 1233 957 1320 media,
972 1256 1040 1321 qua
1055 1232 1162 1303 homo

156 1364 178 1409 a
201 1340 314 1433 gratia
347 1335 484 1427 quidem
511 1335 623 1403 divina
649 1335 819 1427 pendere,
859 1360 919 1405 sua
949 1345 1063 1405 tamen
1097 1361 1162 1406 vo-

156 1446 284 1514 luntate
320 1451 354 1509 et
388 1439 535 1545 propriis
570 1439 694 1508 viribus
720 1440 769 1509 uti
807 1439 968 1508 creditur:
1008 1430 1053 1508 e't
1068 1449 1164 1510 extra

158 1547 308 1616 Galliam
330 1566 466 1635 quoque
485 1543 640 1629 fuerunt,
668 1566 727 1632 qur
715 1543 1037 1634 adstipularentur.
1089 1543 1163 1614 Sed

156 1650 319 1743 Prosper
329 1648 546 1740 Aqustnnns,
572 1644 993 1740 FulgentinsRnspenss's
1015 1655 1049 1716 et
1068 1647 1162 1719 Cne-

156 1755 277 1825 sarius
299 1751 522 1822 Arelatensis
541 1750 735 1842 oppositam
754 1752 934 1843 Augustini
953 1753 1161 1842 seutentiam,

155 1881 246 1949 quae
293 1857 328 1925 in
362 1854 505 1946 Synodo
539 1855 733 1924 Arauslensi
779 1848 1161 1945 amnesamnes,

155 1962 289 2031 fortiter
326 1959 565 2050 defendebant.
619 1957 842 2026 Nihilominus
877 1959 1161 2053 semipelagiani-

158 2088 249 2135 smus
276 2087 412 2156 semper
436 2061 555 2131 habuit
579 2059 739 2146 fautores,
763 2063 877 2131 floruit
901 2062 988 2131 inter
1014 2062 1161 2132 Schola-

127 2160 130 2164 Α
158 2171 278 2255 sticos,
321 2177 355 2234 et
386 2174 508 2259 postea
541 2186 610 2231 non
635 2165 744 2232 solum
777 2165 812 2231 in
844 2165 986 2234 decretis
1020 2164 1163 2236 Concilii

158 2271 369 2354 Tridentini,
396 2268 457 2337 sed
484 2267 584 2334 etiarn
609 2268 644 2333 in
676 2267 806 2358 scriptis
834 2268 1108 2363 Synergistarum
1133 2294 1161 2341 s.
1201 2295 1205 2306 ·

159 2375 411 2470 Majoristarum
438 2370 715 2463 deprehenditur.

200 2595 384 2749 A.1grpciq
403 2588 567 2655 Commeat.
599 2594 637 2654 de
664 2595 826 2676 Pelagianis
855 2604 886 2654 et
914 2551 1169 2677 semipelagianis..

202 2778 232 2864 d.
253 2802 305 2861 Fr.
329 2797 483 2860 Bnddens
508 2798 545 2857 de
566 2800 776 2879 Pelagianismo
796 2802 830 2860 in
851 2799 924 2868 eccl.
944 2801 1032 2862 Rom.
1053 2800 1164 2865 trium-

154 2886 157 2891 ’
246 2885 369 2968 phante.
391 2885 435 2950 cf.
457 2885 579 2946 Miscell.
601 2907 674 2949 sacr.
695 2909 725 2967 p.
743 2890 763 2951 8
778 2905 859 2965 seqq.
953 2920 957 2927 ·
1134 2878 1141 2885 ’

206 3009 246 3070 G.
277 3008 328 3066 Fr.
363 3008 421 3066 W
409 3029 511 3086 ggers
538 3006 576 3065 de
607 3009 721 3066 loanne
750 3006 906 3081 Cassiano,
944 3004 1070 3081 Massil,
1112 3004 1164 3082 qui

247 3092 526 3171 semipelagianismi
547 3104 654 3153 auctor
675 3093 765 3173 vulgo
793 3091 980 3172 perhibetur
1002 3093 1035 3152 P.
1056 3051 1163 3152 Ι-ΠΙ.

250 3178 468 3244 1824-1825.
491 3176 520 3240 4

204 3297 342 3448 leipgg
338 3296 436 3446 eſjdkm
468 3294 594 3357 historia
630 3296 909 3378 Semipelagianismi
951 3295 1164 3397 antiquissima.

193 3488 290 3554 ,Prae
291 3484 474 3543 destinatus.
517 3481 598 3544 Edit.
620 3483 773 3545 Sirmond.
797 3486 888 3552 1643·
910 3489 939 3550 8.
968 3484 1006 3552 V.
1028 3482 1166 3544 Gallundi
1253 3508 1256 3515 ¹

248 3571 323 3630 Bibl.
345 3572 428 3633 Patr.
451 3570 488 3634 Τ.
509 3569 549 3628 Χ.
569 3588 600 3647 Ρ.
624 3570 686 3633 857
701 3589 781 3648 seqq.

207 3675 272 3735 Iac.
301 3669 448 3734 Sirmond
478 3670 549 3730 hist
586 3671 801 3734 Praedestinat.
832 3672 899 3732 Par.
930 3671 1024 3748 1648.
1060 3669 1117 3733 Ed.
1137 3675 1167 3737 2.

252 3761 345 3826 1648
368 3760 410 3818 Cf.
431 3755 582 3816 Sirmondi
604 3757 680 3837 Opp
702 3759 738 3819 Τ.
747 3757 811 3823 IV.¹

212 3861 294 3924 Gne
255 3863 491 3940 lManguin
512 3859 628 3920 Vindio.
658 3860 838 3940 praedestin.
867 3868 899 3919 et
936 3842 1056 3939 gratiae.
1099 3859 1198 3922 Ριιι
1258 3920 1261 3924 ,

253 3948 346 4014 1650.
368 3945 399 4011 4.
420 3947 456 4011 T.
476 3945 514 4009 ΙΙ.
535 3965 566 4024 p.
579 3946 650 4011 443
665 3965 745 4025 seqq.

204 4048 287 4137 Aeg.
308 4050 443 4114 stranea
463 4050 502 4112 de
522 4047 813 4111 Praedestinatisnis
835 4046 927 4116 1668
948 4048 982 4117 4·
1023 4140 1026 4145 ι
