2572 4732
134 419 213 498 168
260 424 355 540 Pars
369 424 429 500 nt
455 425 619 499 Haterio
632 428 755 502 coclea.
770 437 905 504 recent.
918 381 1038 506 acet.·'
1077 444 1081 451 '

179 614 375 674 K.‘'Panee’e
403 612 510 683 Gesclr.
544 612 599 674 der
633 612 884 697 Auswanderung
921 618 976 678 der
1011 618 1145 698 evangel.

164 764 169 771 ,
222 698 399 780 Salzbu1·ger
420 701 462 760 im
483 701 507 764 J.
526 705 618 768 1732.
640 698 720 762 nach
741 701 800 763 den
821 703 959 778 Quellen.
987 708 1081 772 1827.
1097 709 1146 770 12.

429 977 432 988 ·
561 937 599 1041 §-
627 942 714 1018 ror.

137 1167 139 1170 ψ
238 1115 299 1186 vl.
352 1115 391 1184 In
412 1115 623 1186 Palatinam
639 1116 900 1187 Protestantium
918 1117 1069 1188 conditio
1085 1118 1147 1188 tri·

71 1265 75 1272 -
137 1220 279 1291 atissima
300 1242 374 1288 esse
395 1220 538 1312 coepit„
554 1243 596 1290 ex
615 1244 704 1313 quo,
731 1222 857 1291 Carolo
874 1222 1036 1291 Electore
1050 1243 1146 1292 mor-

110 1387 113 1393 ,
136 1336 196 1394 tuo
219 1326 273 1416 (a.
293 1321 438 1412 1685),
461 1323 674 1394 Electoratus
698 1326 744 1394 ad
766 1326 962 1417 Dynastianr
981 1326 1145 1395 Neobur-

136 1430 269 1523 gi'cam‚
301 1427 487 1495 catholicae
508 1429 710 1498 confessioni
733 1428 922 1518 addictam,
947 1429 1145 1505 devenerat.

136 1532 328 1603 Reformati
368 1530 522 1621 quidem,
567 1555 712 1623 quorum
746 1526 906 1602 numerus
945 1535 1145 1626 praevaluit,

105 1709 107 1721 ¹
135 1637 272 1730 gravius
301 1636 483 1704 vexationis
514 1635 648 1727 pondus
677 1639 807 1728 experti
814 1663 825 1721 ;
866 1636 928 1704 sed
959 1637 1173 1722 [nitherani⁴

136 1762 273 1832 quoque
302 1736 398 1806 haud
427 1737 640 1809 mediocriter
669 1739 803 1834 adflicti.
855 1737 974 1830 lta'que
1003 1741 1144 1828 lactum,

135 1852 174 1913 nt
208 1843 413 1911 Gravamina
444 1842 596 1911 Palatina
633 1843 678 1911 de
712 1845 881 1936 religionis
918 1843 1077 1913 exercitio
1103 1847 1143 1917 in
1170 1888 1173 1897 =

134 1946 257 2019 Diaeta
294 1946 531 2016 Ratisbonensi
568 1969 739 2036 nunquam
772 1945 957 2036 cessarent.
1024 1949 1143 2042 Reges

134 2043 306 2120 Borussici
336 2050 500 2143 saepius,'
515 2051 742 2119 recentissime
769 2075 800 2119 a.
833 2049 944 2137 1781,
975 2048 1080 2120 1787
1110 2064 1146 2133 et

136 2151 259 2240 1793,
292 2154 548 2240 intercessione,
585 2154 681 2222 minis
710 2163 744 2222 et
772 2156 806 2222 vi
835 2163 969 2243 mutua,
1011 2150 1145 2225 tantnn'r⁴

136 2256 342 2348 effecerunt,
381 2266 419 2326 ut
452 2253 652 2350 Ev'angelici
687 2258 817 2326 meliori
846 2258 1037 2352 gauderent
1067 2259 1145 2338 for:

135 2372 226 2434 tuna.

182 2528 306 2593 Oertcl’e
338 2528 551 2606 Repertorium
578 2527 634 2587 der
664 2529 875 2607 gesammelten
902 2524 1142 2608 Religione-Be-

87 2664 90 2672 .
220 2613 398 2676 schwerden
419 2614 477 2692 bey
499 2614 567 2672 dem
590 2614 677 2693 Cxorp.
696 2615 834 2692 Evangel.
855 2634 886 2675 u.
902 2633 979 2676 ew.
1004 2619 1101 2681 1770.
1120 2617 1149 2679 {¹¹

177 2701 204 2762 Ι.
231 2702 274 2758 St.
301 2700 435 2757 Pttter’e
473 2687 625 2779 systema't.
652 2700 841 2778 Darstellung
869 2699 924 2761 der
952 2699 1150 2787 Psailzicelrenx

219 2783 519 2845 lleL-Besehworden
538 2779 571 2851 u:
592 2806 616 2845 e.
630 2805 677 2852 xw.
706 2788 797 2851 1793.
817 2789 850 2851 8.
1151 2821 1154 2824 ·

559 3019 597 3124 5.
625 3023 712 3096 roa.

97 3254 106 3267 ..
183 3190 185 3197 ⁴
235 3199 311 3270 vn
343 3192 523 3269 'Defectus
551 3187 732 3268 Friderici
758 3188 936 3295 Augusti,
970 3174 1177 3291 Electorie'g

134 3302 320 3391 Senoniae,
351 3302 396 3370 ad
419 3309 533 3396 partes
563 3299 815 3372 catholicorum
835 3300 993 3395 (1697),
1023 3305 1140 3399 Regni
1148 3343 1153 3371 ;

133 3407 288 3478 Polonici
309 3429 429 3495 causa,
460 3427 576 3475 omnes
599 3404 825 3497 Evangelicos
847 3429 916 3474 non
939 3408 1050 3476 solum
1073 3409 1140 3479 do-

133 3513 228 3602 lore,
254 3510 435 3580 sedetiam
457 3510 578 3577 timore
600 3507 735 3576 adfecit.
774 3507 967 3578 Commoda
987 3501 1139 3601 quidem,

134 3639 222 3707 quae
243 3616 476 3684 Romanenses
499 3602 633 3680 abhoc
661 3610 818 3708 exemplo
847 3611 1138 3705 exspectaverant,

65 3789 66 3792 ,
134 3727 230 3791 crant
262 3718 319 3787 vel
349 3705 470 3809 exigna
499 3715 555 3783 vel
583 3714 691 3798 nulla3
739 3738 817 3784 nam
845 3714 998 3786 delectus
1032 3717 1136 3813 hujus

132 3822 294 3915 principis
326 3822 373 3890 in·
394 3811 542 3891 Saxonia
573 3818 754 3887 imitatores
782 3817 901 3887 habuit
933 3821 1063 3913 nullos,
1103 3830 1138 3891 et
1188 3817 1193 3825 ’

133 3933 236 3995 status
260 3925 424 3999 ccclesiae
448 3921 635 4012 Saxonicae
657 3923 691 3990 in
712 3944 772 3990 sua
793 3923 983 4015 integritate
1005 3926 1136 3996 mansit.

131 4027 273 4099 Elector
305 4029 394 4122 eninr
421 4029 564 4121 ejusque
594 4025 814 4096 successores
836 4027 1054 4120 stipulatione
1077 4051 1135 4100 so-
