2572 4732
193 435 273 508 Per.
286 433 315 503 1.
325 432 400 505 Ah
420 433 517 527 orig.
532 434 618 506 scot.
634 435 710 506 chr.
723 456 799 527 usq.
815 421 869 504 ad
883 432 1004 506 Consu
1017 433 1085 547 Μ.4
1124 405 1159 504 54
1259 483 1262 491 »

138 623 378 697 introductum.
441 622 612 692 Ceterum'
636 621 744 691 omnis
786 621 927 695 historia
963 623 1148 694 salvatoris
1256 633 1261 717 j

138 728 246 798 nostri
271 750 292 795 a
318 728 429 818 prima
454 727 594 795 infantia
621 749 728 815 usqua
754 725 800 794 ad
816 739 819 743 ’
837 727 910 819 ejus
943 728 1147 820 baptismum

136 832 209 900 tam
234 853 355 901 manca
382 841 417 898 et
445 830 688 926 fragmentaria
711 838 782 914 est,
813 835 866 920 ut,
893 833 1080 913 tacentssrus
1104 834 1148 902 N.

136 936 181 1004 Τ.
203 935 425 1026 scriptoribus
451 935 591 1023 aliisque
625 933 696 1003 fide
723 933 842 1025 (lignis
859 936 1018 1016 testibus.
1054 937 1148 1004 nullo

136 1038 310 1109 modoad
335 1039 493 1107 amussim
519 1040 643 1129 exponi
665 1038 784 1128 possit.
835 1037 893 1108 Ad
919 1040 1148 1130 supplendum

136 1141 239 1235 hujus
265 1141 427 1218 historiae
454 1142 625 1222 defectum
640 1140 769 1232 scripti
794 1153 872 1211 sunt
893 1143 941 1210 illi
968 1143 1063 1230 libri,
1090 1146 1148 1233 qui

136 1246 426 1338 Protevoagctia
451 1256 634 1339 ¹vocantur,
662 1267 808 1334 quorum
833 1255 948 1314 tamen
974 1247 1073 1338 origo
1094 1257 1148 1314 at-

137 1374 206 1441 que
234 1350 415 1431 auctoritas
441 1359 512 1417 tam
538 1349 643 1419 dubia
679 1357 715 1416 et
739 1349 868 1419 incerta
893 1361 965 1439 ast,
1008 1361 1045 1419 ut
1077 1352 1147 1419 sinc

124 1455 378 1547 ,praecautione
394 1455 511 1523 critica
530 1453 576 1522 ad
603 1475 699 1522 usum
719 1451 916 1523 historicum
927 1454 1020 1527 nullo
1041 1454 1146 1524 modo

138 1560 202 1628 siut
228 1556 424 1637 adhibendi.

178 1748 221 1808 G.
254 1744 294 1809 A.
323 1699 516 1823 Hornberger
560 1743 598 1802 de
632 1742 771 1825 Epochae
804 1742 983 1805 christianae
1015 1720 1087 1805 ortu
1116 1753 1148 1806 et

223 1839 356 1891 auctore.
387 1833 479 1896 1688.
501 1829 531 1894 4.

179 1937 227 1997 Io.
254 1934 293 1994 G.
316 1932 405 1993 1ἁηί
411 1930 537 1991 historia
560 1930 656 2011 Acrae
677 1931 884 2032 Dionysianae.
908 1934 1000 2000 1715.
1023 1936 1052 1998 4.

178 2025 276 2079 Dom
299 2010 455 2105 Magnatai
478 2018 515 2076 de
537 2038 616 2077 anno
639 2019 806 2078 nativitatis
829 2018 900 2078 Chr.
916 2012 1030 2079 Rornae
1053 2025 1146 2086 1772.

178 2109 206 2168 J.
230 2105 271 2166 A.
296 2107 422 2163 Ernesti
443 2105 481 2162 da
503 2125 598 2178 anno,
627 2125 688 2182 quo
710 2114 797 2164 natus
826 2105 884 2165 suit
907 2105 978 2166 Chr.
1001 2105 1094 2173 1774.
1116 2108 1146 2172 4.

226 2191 355 2273 (Opusc.
369 2189 451 2269 ..phil
474 2191 541 2250 crit.
563 2190 648 2249 Edit.
665 2195 694 2252 2
716 2211 746 2269 p.
768 2189 938 2270 420seqq.)

180 2300 225 2357 L.
250 2294 278 2354 J.
310 2294 373 2352 Ulrl
360 2291 438 2354 land
459 2291 614 2352 Christum
642 2301 712 2351 anta
744 2311 844 2352 aeram
871 2293 1076 2371 vulgarema.
1096 2293 1148 2354 lv.

191 2388 354 2440 exeunte
375 2387 481 2438 natum
503 2399 565 2438 esse
588 2387 695 2439 contra
714 2379 801 2442 Dora.
817 2378 999 2461 Magnanum
1019 2377 1146 2438 demon-

149 2497 160 2508 ·
224 2474 349 2526 atratffur
374 2465 465 2530 1775
487 2465 516 2528 4

268 2554 408 2643 Quaado
430 2569 498 2629 Jesu
521 2565 634 2629 Christi
654 2587 782 2648 persona
804 2575 835 2625 et
855 2565 935 2644 vita,
958 2577 1044 2629 extra
1066 2568 1102 2630 N
1112 2570 1146 2631 T

224 2653 410 2729 testimonia,
434 2655 707 2729 circumferuntur,
736 2653 775 2712 ad
796 2651 1013 2733 Mythologiam
1033 2657 1146 2734 potius,

224 2763 315 2821 quam
346 2740 385 2799 ad
410 2741 568 2800 historiam
595 2748 668 2799 sunt
695 2739 861 2799 reserenda.
904 2740 1004 2822 Hujus
1032 2741 1147 2819 generis

227 2836 301 2887 sunt
323 2830 530 2886 testimonium
550 2821 673 2904 Joaeplri
693 2823 730 2884 de
755 2826 878 2885 Christo
901 2825 952 2906 (de
975 2847 1035 2913 quo
1050 2847 1147 2906 nuper

226 2934 245 2972 a
267 2913 434 2973 Bretaolrne
435 2913 537 2987 idere,
570 2911 770 2988 Boelrmerto,
806 2911 992 2971 Eiohstadro
1022 2913 1147 2991 aliisque

119 3000 144 3064 ’,
215 3000 259 3058 in
274 3009 572 3081 utramquepartem
594 2999 683 3056 docte
705 3007 796 3076 atque
818 3007 904 3056 acute
926 2997 1146 3079 disputatum),

226 3086 373 3165 Epistola
406 3086 525 3144 Christi
554 3083 599 3143 ad
619 3084 805 3164 Abgarum
837 3086 984 3165 Epistola
1007 3087 1086 3143 Lent
1089 3086 1145 3160 αι’,ἰ

223 3173 311 3232 Acta
328 3173 432 3230 Pilati
440 3172 682 3252 ‚Evangelium
703 3169 878 3251 Infantiam,
907 3173 966 3232 Εν.
986 3170 1149 3296 Menedemi
1270 3255 1272 3261 Ι

223 3267 257 3317 et
278 3258 425 3318 nonnulla
445 3258 512 3320 alia.

593 3496 629 3599 §-
656 3502 692 3575 s.

214 3641 249 3709 A
276 3639 424 3708 muneris
450 3634 730 3732 inauguratione.
749 3663 852 3729 quam
870 3636 1014 3729 quatuor
1028 3623 1148 3711 Evan-

133 3745 279 3837 gelistae
302 3745 470 3835 copiosius
498 3754 681 3836 caponum,
708 3752 802 3812 certa
822 3744 938 3835 incipit
957 3745 1045 3812 vitae
1062 3744 1148 3812 «lesu

136 3849 266 3918 Christi
289 3849 455 3915 terrestris
480 3849 631 3917 historia.
683 3848 932 3940 Hujus'autenr
958 3849 1147 3915 accuratior

136 3952 308 4044 expositio
341 3954 377 4019 in
401 3953 669 4044 Evangeliorum
697 3952 949 4023 'commentariis
966 3960 1019 4027 ,et
1044 3951 1077 4017 in
1103 3951 1146 4017 li·

136 4055 208 4124 bris
234 4055 278 4125 da
304 4042 442 4124 historia
461 4057 592 4127 biblica
616 4055 786 4151 petenda,
820 4054 878 4125 hic
903 4078 986 4127 vcro
1012 4076 1146 4146 suppo-
