2572 4732
243 453 326 522 Loc.
342 453 385 522 ll.
411 453 574 526 Historia
587 422 1015 554 ecolesioellqsmmotoc.
1052 454 1145 525 lor·
1178 547 1180 550 v

131 649 204 709 tare
229 636 639 735 volucrunt‚(§.178.),
663 642 761 711 fieret
785 641 1006 716 manifestum.
1041 642 1132 712 Illud

131 768 202 813 non
235 745 330 813 latius
363 768 400 813 se
426 744 630 835 extendisse,
664 768 743 820 sane
767 745 906 834 mirum,
920 769 1038 838 vquum
1062 770 1145 822 non¹

108 848 244 918 ‘solnm
277 845 397 918 carsae
432 856 467 916 et
497 849 641 918 rationes
669 848 902 941 theologicae,
936 850 998 918 sed
1030 851 1133 920 etiam

131 952 292 1045 politicae
342 975 470 1041 eaeque
516 953 731 1044 gravissimae
769 954 896 1020 animos
940 944 1130 1030 alienarent.

132 1055 289 1122 Ecclesia
313 1054 587 1125 Lutheranornm
610 1058 712 1149 igitur
737 1057 989 1145 quodammodo
1012 1068 1131 1148 gratn-

133 1159 196 1226 lari
221 1158 284 1226 sibi
308 1167 454 1251 poterat,
480 1159 574 1249 qnod
600 1182 669 1226 non
693 1159 857 1250 majorem
876 1169 1054 1253 ‘pateretur
1072 1160 1133 1253 ja-

135 1271 275 1337 cturam.
326 1263 414 1331 Nam
438 1285 596 1332 numerus
622 1263 899 1356 Reformatorum
929 1263 1020 1331 omni
1044 1263 1156 1332 tem?

132 1386 221 1458 pore
254 1373 327 1436 erat
360 1367 519 1458 exiguus,
554 1375 589 1434 et
619 1389 791 1456 nunquam
815 1376 949 1459 partem
981 1375 1135 1457 quartam

133 1469 190 1536 vel
204 1470 374 1558 squintam
412 1471 561 1538 omnium
594 1469 850 1558 Protestantinm
882 1471 916 1537 in
953 1470 1135 1539 Germania

136 1564 328 1665 superabat.
381 1573 542 1643 Ceterum
568 1582 600 1640 ct
624 1574 693 1641 hoc
718 1597 786 1643 non
812 1573 1053 1662 omittendum,
1081 1575 1135 1641 in-

137 1685 190 1742 ter
215 1673 289 1745 illos
306 1675 542 1746 diversitatem
569 1685 603 1744 et
620 1678 829 1762 varietatem,
856 1700 934 1744 cum
953 1678 988 1744 in
1007 1678 1135 1759 doctri·
1209 1712 1210 1715 ¹

137 1802 200 1864 na,
226 1788 297 1857 tom
323 1780 356 1851 io
385 1781 540 1865 ritibus,
551 1789 623 1849 tum
648 1778 683 1848 in
707 1781 889 1874 disciplina.
908 1788 942 1849 et
966 1782 1135 1874 regiminis

138 1883 249 1950 sonna
283 1883 510 1973 deprehendi,
544 1907 632 1976 quae
657 1907 721 1952 nec
751 1884 785 1951 in
808 1884 982 1975 Helvetia,
1013 1886 1137 1953 necin

139 1985 281 2053 Batavia
314 2009 378 2054 nec
408 1988 443 2054 in
469 1988 539 2055 aliis
569 1988 665 2055 terris
690 1989 803 2056 locum
827 1988 966 2078 habet,
982 2010 1138 2079 quaeque

140 2108 183 2156 ex
208 2089 314 2162 causis
339 2090 483 2180 politicis
510 2099 560 2162 cst
585 2091 776 2161 derivanda
844 2134 846 2145 ·
1155 2106 1163 2164 i
1274 2085 1276 2089 ’

130 2263 135 2300 ;
185 2256 326 2317 Formula
357 2259 539 2319 Concordiae
569 2259 690 2320 omnino
719 2259 805 2319 auxit
832 2258 969 2333 dissidia,
998 2258 1052 2318 sed
1078 2279 1141 2318 non

228 2345 379 2404 excitavit.
420 2348 460 2407 E.
489 2349 522 2411 S.
554 2347 691 2426 Cypricm
719 2366 782 2408 von
809 2343 918 2412 kirchl
944 2343 1142 2427 vereinigtmg
1241 2373 1243 2386 ¹

229 2428 284 2490 der
303 2431 523 2498 Protestanten.
547 2432 603 2496 Th.
621 2432 646 2497 l.

448 2578 451 2588 s
571 2632 609 2736 5,
636 2636 723 2714 ror.

249 2808 480 2880 Palatinotus
520 2810 737 2881 Electoonlis
775 2800 922 2902 primum
955 2805 1147 2900 exemplum

147 2911 344 2982 delectionis
384 2938 405 2981 a
443 2914 702 2994 Lutheranismo
744 2913 845 2982 dedit.
904 2913 1034 2982 Auctor
1076 2919 1148 2978 erat
1196 2952 1199 2955 -

146 3015 287 3084 Elector
318 3016 526 3097 Fridericos
545 3018 639 3103 ΙΙΙ.,
675 3018 832 3110 princeps
864 3015 959 3083 fortis
992 3037 1032 3081 ac
1062 3036 1148 3104 pru-

149 3119 250 3208 dens,
290 3121 411 3210 quia.
443 3118 545 3191 1559
579 3122 775 3200 anctoritate
809 3119 979 3210 Responsi
1011 3115 1149 3190 Melan-

150 3221 307 3291 chthonis
323 3224 366 3293 de
382 3248 406 3296 n.
426 3248 531 3297 coena
546 3225 644 3314 editi,
671 3234 705 3292 et
731 3248 752 3291 a
772 3221 981 3314 Philippistis
1001 3218 1148 3311 adjutus,

150 3325 357 3418 doctrinam,
390 3328 516 3396 cultum
549 3337 583 3397 et
608 3327 760 3397 ordinem
785 3327 1060 3394 Reformatorum
1094 3322 1150 3389 in-

113 3483 115 3489 .
152 3429 273 3517 stituit,
307 3440 340 3498 ct
369 3424 630 3501 catechismum
655 3429 999 3521 Heidelbergensem
1024 3449 1045 3492 a
1073 3424 1151 3493 Za-

153 3533 285 3601 chorio
316 3533 443 3606 Ursino
473 3544 507 3605 et
536 3536 700 3630 Cosporo
730 3533 903 3604 Oleniono
933 3530 978 3604 ad
1009 3527 1152 3596 manda-

152 3643 225 3703 tnm
246 3636 410 3707 Electoris
439 3638 664 3733 conscriptum
690 3645 724 3706 ot
748 3662 769 3704 a
795 3631 1153 3740 Superintendentibus

154 3746 190 3807 et
226 3739 418 3811 Senioribus
462 3741 632 3835 (exceptis
663 3740 863 3810 L'utheranis
903 3739 938 3804 in
967 3724 1154 3809 Palatinatu
1250 3760 1257 3773 ·

156 3845 346 3936 superiori)
390 3850 669 3939 comprobatum,
707 3867 738 3912 a
772 3839 873 3909 1563
907 3862 974 3934 per
1007 3837 1154 3910 edictum
1245 3908 1248 3914 ,

156 3947 337 4016 electorale
369 3957 529 4041 tanquam
563 3971 717 4018 normam
752 3944 896 4015 docendi
929 3942 1154 4042 praescripsit.

156 4049 332 4146 Theologi
363 4061 398 4123 et
430 4055 588 4132 Pastores
621 4050 805 4129 Lutherani
833 4071 873 4124 so,
896 4054 1157 4153 opponentem
