<?xml version="1.0" encoding="UTF-8"?>
<!DOCTYPE html PUBLIC "-//W3C//DTD XHTML 1.0 Transitional//EN"
    "http://www.w3.org/TR/xhtml1/DTD/xhtml1-transitional.dtd">
<html xmlns="http://www.w3.org/1999/xhtml" xml:lang="en" lang="en">
 <head>
  <title>
</title>
<meta http-equiv="Content-Type" content="text/html;charset=utf-8" />
  <meta name='ocr-system' content='tesseract 3.04.00' />
  <meta name='ocr-capabilities' content='ocr_page ocr_carea ocr_par ocr_line ocrx_word'/>
</head>
<body>
  <div class='ocr_page' id='page_1' title='image "./historiaeeccles00augugoog_0214.png"; bbox 0 0 2572 4732; ppageno 0'>
   <div class='ocr_carea' id='block_1_1' title="bbox 207 395 1156 526">
    <p class='ocr_par' dir='ltr' id='par_1_1' title="bbox 207 395 1156 526">
     <span class='ocr_line' id='line_1_1' title="bbox 207 395 1156 526; baseline 0.012 -31"><span class='ocrx_word' id='word_1_1' title='bbox 207 395 214 404; x_wconf 45' lang='grc'>’</span> <span class='ocrx_word' id='word_1_2' title='bbox 267 427 351 496; x_wconf 90' lang='lat' dir='ltr'>Loc.</span> <span class='ocrx_word' id='word_1_3' title='bbox 366 427 411 503; x_wconf 90' lang='lat' dir='ltr'>ll.</span> <span class='ocrx_word' id='word_1_4' title='bbox 437 425 602 499; x_wconf 86' lang='lat' dir='ltr'>Historia</span> <span class='ocrx_word' id='word_1_5' title='bbox 614 427 786 500; x_wconf 78' lang='lat' dir='ltr'>ecclesiae</span> <span class='ocrx_word' id='word_1_6' title='bbox 798 424 1054 526; x_wconf 61' lang='lat' dir='ltr'>Rfformatae.</span> <span class='ocrx_word' id='word_1_7' title='bbox 1080 432 1156 506; x_wconf 78' lang='lat'>189</span> 
     </span>
    </p>
   </div>
   <div class='ocr_carea' id='block_1_2' title="bbox 87 611 1199 1715">
    <p class='ocr_par' dir='ltr' id='par_1_2' title="bbox 130 611 1199 1537">
     <span class='ocr_line' id='line_1_2' title="bbox 153 611 1154 713; baseline 0.005 -27"><span class='ocrx_word' id='word_1_8' title='bbox 153 615 263 686; x_wconf 87' lang='lat' dir='ltr'>nastia</span> <span class='ocrx_word' id='word_1_9' title='bbox 277 611 505 708; x_wconf 82' lang='lat' dir='ltr'>Neoburgica,</span> <span class='ocrx_word' id='word_1_10' title='bbox 529 616 730 713; x_wconf 75' lang='lat' dir='ltr'><strong>confessioni</strong></span> <span class='ocrx_word' id='word_1_11' title='bbox 751 615 934 688; x_wconf 87' lang='lat' dir='ltr'>catholicae</span> <span class='ocrx_word' id='word_1_12' title='bbox 957 620 1154 710; x_wconf 88' lang='lat' dir='ltr'>adhaerens,</span> 
     </span>
     <span class='ocr_line' id='line_1_3' title="bbox 153 720 1197 816; baseline 0.007 -28"><span class='ocrx_word' id='word_1_13' title='bbox 153 721 371 788; x_wconf 85' lang='lat' dir='ltr'>successionis</span> <span class='ocrx_word' id='word_1_14' title='bbox 395 720 475 810; x_wconf 89' lang='lat' dir='ltr'>jure</span> <span class='ocrx_word' id='word_1_15' title='bbox 502 720 546 787; x_wconf 91' lang='lat' dir='ltr'>ad</span> <span class='ocrx_word' id='word_1_16' title='bbox 565 722 795 788; x_wconf 89' lang='lat' dir='ltr'>Electoratum</span> <span class='ocrx_word' id='word_1_17' title='bbox 817 735 1034 812; x_wconf 83' lang='lat' dir='ltr'>pervenerat,</span> <span class='ocrx_word' id='word_1_18' title='bbox 1071 749 1154 816; x_wconf 84' lang='lat' dir='ltr'>gra·</span> <span class='ocrx_word' id='word_1_19' title='bbox 1183 741 1197 802; x_wconf 74' lang='grc'>’,</span> 
     </span>
     <span class='ocr_line' id='line_1_4' title="bbox 152 823 1149 919; baseline 0.007 -29"><span class='ocrx_word' id='word_1_20' title='bbox 152 824 321 891; x_wconf 89' lang='lat' dir='ltr'>vissimam</span> <span class='ocrx_word' id='word_1_21' title='bbox 346 823 536 890; x_wconf 84' lang='lat' dir='ltr'>Reformati</span> <span class='ocrx_word' id='word_1_22' title='bbox 560 823 791 892; x_wconf 86' lang='lat' dir='ltr'>intolerantiae</span> <span class='ocrx_word' id='word_1_23' title='bbox 816 825 965 894; x_wconf 82' lang='lat' dir='ltr'>tulerunt</span> <span class='ocrx_word' id='word_1_24' title='bbox 992 851 1149 919; x_wconf 89' lang='lat' dir='ltr'>poenam.</span> 
     </span>
     <span class='ocr_line' id='line_1_5' title="bbox 130 920 1150 1018; baseline 0.006 -25"><span class='ocrx_word' id='word_1_25' title='bbox 130 920 241 994; x_wconf 65' lang='lat' dir='ltr'>&#39;Nam</span> <span class='ocrx_word' id='word_1_26' title='bbox 281 925 314 993; x_wconf 81' lang='lat' dir='ltr'>vi</span> <span class='ocrx_word' id='word_1_27' title='bbox 354 926 493 1016; x_wconf 87' lang='lat' dir='ltr'>politica</span> <span class='ocrx_word' id='word_1_28' title='bbox 526 934 560 994; x_wconf 89' lang='lat' dir='ltr'>et</span> <span class='ocrx_word' id='word_1_29' title='bbox 594 927 893 996; x_wconf 79' lang='lat' dir='ltr'>machinationibus</span> <span class='ocrx_word' id='word_1_30' title='bbox 936 930 1150 1018; x_wconf 84' lang='lat' dir='ltr'>Jesuitarum,</span> 
     </span>
     <span class='ocr_line' id='line_1_6' title="bbox 150 1027 1150 1122; baseline 0.006 -26"><span class='ocrx_word' id='word_1_31' title='bbox 150 1050 285 1120; x_wconf 77' lang='lat' dir='ltr'>semper</span> <span class='ocrx_word' id='word_1_32' title='bbox 325 1027 529 1096; x_wconf 79' lang='lat' dir='ltr'>catechismi</span> <span class='ocrx_word' id='word_1_33' title='bbox 570 1028 870 1122; x_wconf 85' lang='lat' dir='ltr'>Heidelbergensis</span> <span class='ocrx_word' id='word_1_34' title='bbox 905 1029 1150 1116; x_wconf 66' lang='lat' dir='ltr'>,Quaestionem</span> 
     </span>
     <span class='ocr_line' id='line_1_7' title="bbox 148 1132 1150 1223; baseline 0.007 -23"><span class='ocrx_word' id='word_1_35' title='bbox 148 1132 293 1200; x_wconf 83' lang='lat' dir='ltr'><strong>LXXX.</strong></span> <span class='ocrx_word' id='word_1_36' title='bbox 318 1133 527 1223; x_wconf 82' lang='lat' dir='ltr'>urgentium,</span> <span class='ocrx_word' id='word_1_37' title='bbox 561 1132 682 1206; x_wconf 85' lang='lat' dir='ltr'>misere</span> <span class='ocrx_word' id='word_1_38' title='bbox 716 1143 792 1201; x_wconf 89' lang='lat' dir='ltr'>sunt</span> <span class='ocrx_word' id='word_1_39' title='bbox 813 1135 946 1222; x_wconf 25' lang='lat' dir='ltr'>‘ve-rati,</span> <span class='ocrx_word' id='word_1_40' title='bbox 979 1137 1150 1207; x_wconf 93' lang='lat' dir='ltr'>Luthera-</span> 
     </span>
     <span class='ocr_line' id='line_1_8' title="bbox 148 1226 1149 1328; baseline 0.004 -25"><span class='ocrx_word' id='word_1_41' title='bbox 148 1235 200 1303; x_wconf 87' lang='lat' dir='ltr'>nis</span> <span class='ocrx_word' id='word_1_42' title='bbox 227 1236 331 1325; x_wconf 92' lang='lat' dir='ltr'>paulo</span> <span class='ocrx_word' id='word_1_43' title='bbox 357 1236 486 1302; x_wconf 84' lang='lat' dir='ltr'>meliori</span> <span class='ocrx_word' id='word_1_44' title='bbox 514 1234 702 1304; x_wconf 89' lang='lat' dir='ltr'>conditione</span> <span class='ocrx_word' id='word_1_45' title='bbox 734 1226 968 1328; x_wconf 84' lang='lat' dir='ltr'>gaudentibus.</span> <span class='ocrx_word' id='word_1_46' title='bbox 1023 1238 1149 1308; x_wconf 82' lang='lat' dir='ltr'>Contra</span> 
     </span>
     <span class='ocr_line' id='line_1_9' title="bbox 147 1337 1199 1433; baseline 0.007 -28"><span class='ocrx_word' id='word_1_47' title='bbox 147 1337 281 1406; x_wconf 85' lang='lat' dir='ltr'>hostem</span> <span class='ocrx_word' id='word_1_48' title='bbox 304 1348 416 1406; x_wconf 90' lang='lat' dir='ltr'>tamen</span> <span class='ocrx_word' id='word_1_49' title='bbox 441 1361 653 1405; x_wconf 92' lang='lat' dir='ltr'>communem</span> <span class='ocrx_word' id='word_1_50' title='bbox 675 1340 934 1409; x_wconf 87' lang='lat' dir='ltr'>Protestantium</span> <span class='ocrx_word' id='word_1_51' title='bbox 953 1345 1148 1433; x_wconf 80' lang='lat' dir='ltr'>gravamina</span> <span class='ocrx_word' id='word_1_52' title='bbox 1196 1376 1199 1380; x_wconf 50' lang='lat'><em>⁴</em></span> 
     </span>
     <span class='ocr_line' id='line_1_10' title="bbox 145 1435 1147 1537; baseline 0.005 -29"><span class='ocrx_word' id='word_1_53' title='bbox 145 1442 182 1508; x_wconf 90' lang='lat' dir='ltr'>in</span> <span class='ocrx_word' id='word_1_54' title='bbox 209 1440 359 1510; x_wconf 90' lang='lat' dir='ltr'>Comitiis</span> <span class='ocrx_word' id='word_1_55' title='bbox 385 1441 683 1510; x_wconf 87' lang='lat' dir='ltr'>Ratisbonensibus</span> <span class='ocrx_word' id='word_1_56' title='bbox 719 1452 752 1510; x_wconf 84' lang='lat' dir='ltr'>et</span> <span class='ocrx_word' id='word_1_57' title='bbox 782 1435 937 1535; x_wconf 85' lang='lat' dir='ltr'>Corpore</span> <span class='ocrx_word' id='word_1_58' title='bbox 962 1445 1147 1537; x_wconf 85' lang='lat' dir='ltr'>Evangeli-</span> 
     </span>
    </p>

    <p class='ocr_par' dir='ltr' id='par_1_3' title="bbox 87 1543 1147 1715">
     <span class='ocr_line' id='line_1_11' title="bbox 87 1543 1147 1639; baseline 0.008 -29"><span class='ocrx_word' id='word_1_59' title='bbox 87 1613 93 1634; x_wconf 48' lang='lat'>,</span> <span class='ocrx_word' id='word_1_60' title='bbox 147 1567 267 1613; x_wconf 88' lang='lat' dir='ltr'>corum</span> <span class='ocrx_word' id='word_1_61' title='bbox 291 1567 398 1635; x_wconf 89' lang='lat' dir='ltr'>usque</span> <span class='ocrx_word' id='word_1_62' title='bbox 423 1543 468 1614; x_wconf 91' lang='lat' dir='ltr'>ad</span> <span class='ocrx_word' id='word_1_63' title='bbox 492 1544 620 1613; x_wconf 86' lang='lat' dir='ltr'>initium</span> <span class='ocrx_word' id='word_1_64' title='bbox 642 1567 733 1617; x_wconf 87' lang='lat' dir='ltr'>saec.</span> <span class='ocrx_word' id='word_1_65' title='bbox 758 1545 849 1618; x_wconf 93' lang='lat' dir='ltr'><strong>XIX.</strong></span> <span class='ocrx_word' id='word_1_66' title='bbox 875 1570 1045 1639; x_wconf 87' lang='lat' dir='ltr'>uunquam</span> <span class='ocrx_word' id='word_1_67' title='bbox 1071 1572 1147 1619; x_wconf 85' lang='lat' dir='ltr'>ces-</span> 
     </span>
     <span class='ocr_line' id='line_1_12' title="bbox 141 1656 269 1715; baseline 0 0"><span class='ocrx_word' id='word_1_68' title='bbox 141 1656 269 1715; x_wconf 87' lang='lat' dir='ltr'>sarunt.</span> 
     </span>
    </p>
   </div>
   <div class='ocr_carea' id='block_1_3' title="bbox 186 1814 1149 2155">
    <p class='ocr_par' dir='ltr' id='par_1_4' title="bbox 187 1814 1149 1898">
     <span class='ocr_line' id='line_1_13' title="bbox 187 1814 1149 1898; baseline 0.005 -24"><span class='ocrx_word' id='word_1_69' title='bbox 187 1817 323 1874; x_wconf 78' lang='lat' dir='ltr'>Strure&#39;s</span> <span class='ocrx_word' id='word_1_70' title='bbox 343 1814 432 1879; x_wconf 74' lang='lat' dir='ltr'>Piala.</span> <span class='ocrx_word' id='word_1_71' title='bbox 455 1814 660 1882; x_wconf 85' lang='lat' dir='ltr'>Kirchenhist.</span> <span class='ocrx_word' id='word_1_72' title='bbox 681 1835 712 1894; x_wconf 78' lang='lat' dir='ltr'>p·</span> <span class='ocrx_word' id='word_1_73' title='bbox 734 1820 796 1883; x_wconf 79' lang='lat'>293</span> <span class='ocrx_word' id='word_1_74' title='bbox 818 1836 898 1896; x_wconf 82' lang='lat' dir='ltr'>seqq.</span> <span class='ocrx_word' id='word_1_75' title='bbox 920 1815 984 1884; x_wconf 81' lang='grc'>414</span> <span class='ocrx_word' id='word_1_76' title='bbox 1005 1838 1083 1898; x_wconf 85' lang='lat' dir='ltr'>seqq.</span> <span class='ocrx_word' id='word_1_77' title='bbox 1146 1851 1149 1855; x_wconf 56' lang='lat'><em>&gt;</em></span> 
     </span>
    </p>

    <p class='ocr_par' dir='ltr' id='par_1_5' title="bbox 188 1899 1142 2066">
     <span class='ocr_line' id='line_1_14' title="bbox 188 1899 1142 1987; baseline 0.008 -30"><span class='ocrx_word' id='word_1_78' title='bbox 188 1899 382 1959; x_wconf 81' lang='lat' dir='ltr'>Haeberlin&#39;s</span> <span class='ocrx_word' id='word_1_79' title='bbox 397 1922 429 1966; x_wconf 91' lang='lat' dir='ltr'>n.</span> <span class='ocrx_word' id='word_1_80' title='bbox 446 1900 589 1961; x_wconf 83' lang='lat' dir='ltr'>deutsche</span> <span class='ocrx_word' id='word_1_81' title='bbox 602 1900 807 1980; x_wconf 84' lang='lat' dir='ltr'>Reichagesch.</span> <span class='ocrx_word' id='word_1_82' title='bbox 829 1904 862 1966; x_wconf 91' lang='lat' dir='ltr'>B.</span> <span class='ocrx_word' id='word_1_83' title='bbox 879 1901 918 1968; x_wconf 89' lang='lat' dir='ltr'>X.</span> <span class='ocrx_word' id='word_1_84' title='bbox 939 1925 970 1987; x_wconf 83' lang='lat' dir='ltr'>p.</span> <span class='ocrx_word' id='word_1_85' title='bbox 986 1903 1049 1972; x_wconf 80' lang='grc'>433</span> <span class='ocrx_word' id='word_1_86' title='bbox 1062 1924 1142 1986; x_wconf 75' lang='lat' dir='ltr'>¹seqq.</span> 
     </span>
     <span class='ocr_line' id='line_1_15' title="bbox 229 1986 874 2066; baseline 0.009 -23"><span class='ocrx_word' id='word_1_87' title='bbox 229 1987 264 2044; x_wconf 92' lang='grc' dir='ltr'>Β.</span> <span class='ocrx_word' id='word_1_88' title='bbox 286 1986 367 2051; x_wconf 88' lang='lat' dir='ltr'><strong>XIV.</strong></span> <span class='ocrx_word' id='word_1_89' title='bbox 387 2007 416 2066; x_wconf 82' lang='lat' dir='ltr'>p·</span> <span class='ocrx_word' id='word_1_90' title='bbox 438 1991 479 2051; x_wconf 85' lang='lat'>76</span> <span class='ocrx_word' id='word_1_91' title='bbox 501 2006 581 2065; x_wconf 87' lang='lat' dir='ltr'>seqq.</span> <span class='ocrx_word' id='word_1_92' title='bbox 624 1988 657 2047; x_wconf 90' lang='lat' dir='ltr'>B.</span> <span class='ocrx_word' id='word_1_93' title='bbox 678 1989 745 2048; x_wconf 89' lang='lat' dir='ltr'>XV.</span> <span class='ocrx_word' id='word_1_94' title='bbox 768 2008 799 2066; x_wconf 79' lang='lat' dir='ltr'>p.</span> <span class='ocrx_word' id='word_1_95' title='bbox 821 1993 874 2057; x_wconf 82' lang='grc'>37.</span> 
     </span>
    </p>

    <p class='ocr_par' dir='ltr' id='par_1_6' title="bbox 186 2070 802 2155">
     <span class='ocr_line' id='line_1_16' title="bbox 186 2070 802 2155; baseline 0.015 -27"><span class='ocrx_word' id='word_1_96' title='bbox 186 2071 230 2129; x_wconf 85' lang='lat' dir='ltr'>De</span> <span class='ocrx_word' id='word_1_97' title='bbox 251 2071 378 2131; x_wconf 82' lang='lat' dir='ltr'>dissidiis</span> <span class='ocrx_word' id='word_1_98' title='bbox 402 2072 493 2134; x_wconf 82' lang='lat' dir='ltr'>variis</span> <span class='ocrx_word' id='word_1_99' title='bbox 513 2092 545 2136; x_wconf 86' lang='lat' dir='ltr'>v.</span> <span class='ocrx_word' id='word_1_100' title='bbox 567 2093 658 2155; x_wconf 82' lang='lat' dir='ltr'>supra</span> <span class='ocrx_word' id='word_1_101' title='bbox 674 2070 708 2152; x_wconf 62' lang='lat'>5.</span> <span class='ocrx_word' id='word_1_102' title='bbox 731 2077 802 2141; x_wconf 82' lang='lat'><strong>161.</strong></span> 
     </span>
    </p>
   </div>
   <div class='ocr_carea' id='block_1_4' title="bbox 559 2375 720 2478">
    <p class='ocr_par' dir='ltr' id='par_1_7' title="bbox 559 2375 720 2478">
     <span class='ocr_line' id='line_1_17' title="bbox 559 2375 720 2478; baseline 0.019 -26"><span class='ocrx_word' id='word_1_103' title='bbox 559 2375 604 2478; x_wconf 68' lang='lat' dir='ltr'>&lt;e</span> <span class='ocrx_word' id='word_1_104' title='bbox 634 2377 720 2456; x_wconf 74' lang='lat'><strong>194.</strong></span> 
     </span>
    </p>
   </div>
   <div class='ocr_carea' id='block_1_5' title="bbox 117 2550 1247 4089">
    <p class='ocr_par' dir='ltr' id='par_1_8' title="bbox 117 2550 1247 4089">
     <span class='ocr_line' id='line_1_18' title="bbox 243 2550 1139 2650; baseline 0 -26"><span class='ocrx_word' id='word_1_105' title='bbox 243 2550 434 2650; x_wconf 78' lang='lat' dir='ltr'>Philippus</span> <span class='ocrx_word' id='word_1_106' title='bbox 450 2553 728 2647; x_wconf 81' lang='lat' dir='ltr'>Magnanimos,</span> <span class='ocrx_word' id='word_1_107' title='bbox 748 2554 888 2623; x_wconf 87' lang='lat' dir='ltr'>Hassiae</span> <span class='ocrx_word' id='word_1_108' title='bbox 902 2551 1139 2648; x_wconf 75' lang='lat' dir='ltr'>LandgravuS,</span> 
     </span>
     <span class='ocr_line' id='line_1_19' title="bbox 117 2655 1228 2752; baseline 0.001 -27"><span class='ocrx_word' id='word_1_109' title='bbox 117 2660 300 2750; x_wconf 21' lang='lat' dir='ltr'>,egregius</span> <span class='ocrx_word' id='word_1_110' title='bbox 334 2683 454 2728; x_wconf 86' lang='lat' dir='ltr'>causae</span> <span class='ocrx_word' id='word_1_111' title='bbox 485 2661 702 2752; x_wconf 82' lang='lat' dir='ltr'>evangelicae</span> <span class='ocrx_word' id='word_1_112' title='bbox 731 2669 893 2751; x_wconf 90' lang='lat' dir='ltr'>patronus</span> <span class='ocrx_word' id='word_1_113' title='bbox 927 2655 988 2752; x_wconf 53' lang='grc' dir='ltr'>(ὃ.</span> <span class='ocrx_word' id='word_1_114' title='bbox 1020 2659 1139 2750; x_wconf 60' lang='lat'>134),</span> <span class='ocrx_word' id='word_1_115' title='bbox 1227 2663 1228 2667; x_wconf 71' lang='grc'>’</span> 
     </span>
     <span class='ocr_line' id='line_1_20' title="bbox 139 2754 1204 2855; baseline 0.005 -29"><span class='ocrx_word' id='word_1_116' title='bbox 139 2784 277 2830; x_wconf 92' lang='lat' dir='ltr'>omnem</span> <span class='ocrx_word' id='word_1_117' title='bbox 302 2765 438 2853; x_wconf 90' lang='lat' dir='ltr'>quidem</span> <span class='ocrx_word' id='word_1_118' title='bbox 464 2754 617 2831; x_wconf 87' lang='lat' dir='ltr'>adhibuit</span> <span class='ocrx_word' id='word_1_119' title='bbox 643 2786 801 2855; x_wconf 88' lang='lat' dir='ltr'>operam,</span> <span class='ocrx_word' id='word_1_120' title='bbox 828 2770 865 2829; x_wconf 92' lang='lat' dir='ltr'>ut</span> <span class='ocrx_word' id='word_1_121' title='bbox 884 2764 1138 2831; x_wconf 85' lang='lat' dir='ltr'>Reformatorea</span> <span class='ocrx_word' id='word_1_122' title='bbox 1200 2756 1204 2763; x_wconf 66' lang='grc'><strong>’</strong></span> 
     </span>
     <span class='ocr_line' id='line_1_21' title="bbox 140 2865 1139 2953; baseline 0.001 -20"><span class='ocrx_word' id='word_1_123' title='bbox 140 2865 327 2934; x_wconf 83' lang='lat' dir='ltr'>Saxonicos</span> <span class='ocrx_word' id='word_1_124' title='bbox 351 2876 387 2936; x_wconf 90' lang='lat' dir='ltr'>et</span> <span class='ocrx_word' id='word_1_125' title='bbox 412 2867 606 2936; x_wconf 87' lang='lat' dir='ltr'>Helveticos</span> <span class='ocrx_word' id='word_1_126' title='bbox 632 2866 879 2953; x_wconf 81' lang='lat' dir='ltr'>reconciliaret,</span> <span class='ocrx_word' id='word_1_127' title='bbox 905 2875 940 2933; x_wconf 85' lang='lat' dir='ltr'>et</span> <span class='ocrx_word' id='word_1_128' title='bbox 958 2867 992 2932; x_wconf 94' lang='lat' dir='ltr'>in</span> <span class='ocrx_word' id='word_1_129' title='bbox 1014 2867 1139 2934; x_wconf 88' lang='lat' dir='ltr'>Testa-</span> 
     </span>
     <span class='ocr_line' id='line_1_22' title="bbox 137 2967 1139 3060; baseline 0.003 -27"><span class='ocrx_word' id='word_1_130' title='bbox 137 2978 252 3036; x_wconf 88' lang='lat' dir='ltr'>mento</span> <span class='ocrx_word' id='word_1_131' title='bbox 293 2992 353 3038; x_wconf 88' lang='lat' dir='ltr'>suo</span> <span class='ocrx_word' id='word_1_132' title='bbox 393 2967 522 3060; x_wconf 83' lang='lat' dir='ltr'>dogma</span> <span class='ocrx_word' id='word_1_133' title='bbox 562 2969 606 3038; x_wconf 92' lang='lat' dir='ltr'>de</span> <span class='ocrx_word' id='word_1_134' title='bbox 646 2969 845 3037; x_wconf 85' lang='lat' dir='ltr'>eucharistia</span> <span class='ocrx_word' id='word_1_135' title='bbox 889 2990 931 3036; x_wconf 81' lang='lat' dir='ltr'>ex</span> <span class='ocrx_word' id='word_1_136' title='bbox 976 2970 1139 3038; x_wconf 90' lang='lat' dir='ltr'>sententia</span> 
     </span>
     <span class='ocr_line' id='line_1_23' title="bbox 137 3063 1138 3164; baseline 0.002 -26"><span class='ocrx_word' id='word_1_137' title='bbox 137 3070 312 3163; x_wconf 85' lang='lat' dir='ltr'>Zwinglii,</span> <span class='ocrx_word' id='word_1_138' title='bbox 343 3071 440 3162; x_wconf 88' lang='lat' dir='ltr'>quod</span> <span class='ocrx_word' id='word_1_139' title='bbox 479 3073 580 3139; x_wconf 87' lang='lat' dir='ltr'>etiam</span> <span class='ocrx_word' id='word_1_140' title='bbox 620 3071 803 3164; x_wconf 71' lang='lat' dir='ltr'>Hyperiona</span> <span class='ocrx_word' id='word_1_141' title='bbox 842 3069 876 3139; x_wconf 92' lang='lat' dir='ltr'>in</span> <span class='ocrx_word' id='word_1_142' title='bbox 913 3063 1138 3141; x_wconf 87' lang='lat' dir='ltr'>Universitate</span> 
     </span>
     <span class='ocr_line' id='line_1_24' title="bbox 135 3169 1138 3267; baseline 0.002 -27"><span class='ocrx_word' id='word_1_143' title='bbox 135 3169 381 3267; x_wconf 84' lang='lat' dir='ltr'>Marpurgensi</span> <span class='ocrx_word' id='word_1_144' title='bbox 411 3174 590 3260; x_wconf 85' lang='lat' dir='ltr'>docuerat,</span> <span class='ocrx_word' id='word_1_145' title='bbox 621 3176 797 3267; x_wconf 84' lang='lat' dir='ltr'>professus</span> <span class='ocrx_word' id='word_1_146' title='bbox 825 3183 890 3255; x_wconf 84' lang='lat' dir='ltr'>est3</span> <span class='ocrx_word' id='word_1_147' title='bbox 925 3177 1072 3241; x_wconf 88' lang='lat' dir='ltr'>attamen</span> <span class='ocrx_word' id='word_1_148' title='bbox 1103 3175 1138 3243; x_wconf 90' lang='lat' dir='ltr'>in</span> 
     </span>
     <span class='ocr_line' id='line_1_25' title="bbox 136 3275 1137 3369; baseline 0 -25"><span class='ocrx_word' id='word_1_149' title='bbox 136 3277 212 3367; x_wconf 93' lang='lat' dir='ltr'>ipso</span> <span class='ocrx_word' id='word_1_150' title='bbox 245 3277 489 3346; x_wconf 75' lang='lat' dir='ltr'>reformationis</span> <span class='ocrx_word' id='word_1_151' title='bbox 520 3278 659 3369; x_wconf 83' lang='lat' dir='ltr'>negotio</span> <span class='ocrx_word' id='word_1_152' title='bbox 686 3278 831 3345; x_wconf 89' lang='lat' dir='ltr'>formam</span> <span class='ocrx_word' id='word_1_153' title='bbox 855 3275 1137 3364; x_wconf 89' lang='lat' dir='ltr'>Lutheranorum,</span> 
     </span>
     <span class='ocr_line' id='line_1_26' title="bbox 134 3378 1137 3472; baseline 0.002 -26"><span class='ocrx_word' id='word_1_154' title='bbox 134 3378 261 3470; x_wconf 86' lang='lat' dir='ltr'>paucis</span> <span class='ocrx_word' id='word_1_155' title='bbox 279 3383 313 3448; x_wconf 94' lang='lat' dir='ltr'>in</span> <span class='ocrx_word' id='word_1_156' title='bbox 338 3382 487 3472; x_wconf 88' lang='lat' dir='ltr'>partibus</span> <span class='ocrx_word' id='word_1_157' title='bbox 507 3381 733 3462; x_wconf 89' lang='lat' dir='ltr'>moderatam,</span> <span class='ocrx_word' id='word_1_158' title='bbox 759 3380 926 3472; x_wconf 91' lang='lat' dir='ltr'>praetulit.</span> <span class='ocrx_word' id='word_1_159' title='bbox 978 3379 1137 3448; x_wconf 90' lang='lat' dir='ltr'>Eandem</span> 
     </span>
     <span class='ocr_line' id='line_1_27' title="bbox 136 3481 1247 3575; baseline 0.001 -26"><span class='ocrx_word' id='word_1_160' title='bbox 136 3506 273 3572; x_wconf 86' lang='lat' dir='ltr'>quoque</span> <span class='ocrx_word' id='word_1_161' title='bbox 293 3488 456 3553; x_wconf 88' lang='lat' dir='ltr'>rationem</span> <span class='ocrx_word' id='word_1_162' title='bbox 476 3493 633 3571; x_wconf 90' lang='lat' dir='ltr'>sequutus</span> <span class='ocrx_word' id='word_1_163' title='bbox 645 3483 725 3575; x_wconf 65' lang='lat' dir='ltr'>,ejus</span> <span class='ocrx_word' id='word_1_164' title='bbox 747 3485 845 3570; x_wconf 84' lang='lat' dir='ltr'>lilius,</span> <span class='ocrx_word' id='word_1_165' title='bbox 867 3482 1053 3558; x_wconf 84' lang='lat' dir='ltr'>Guilelmus</span> <span class='ocrx_word' id='word_1_166' title='bbox 1065 3481 1136 3569; x_wconf 75' lang='lat' dir='ltr'>lv,</span> <span class='ocrx_word' id='word_1_167' title='bbox 1244 3522 1247 3527; x_wconf 92' lang='lat'>·</span> 
     </span>
     <span class='ocr_line' id='line_1_28' title="bbox 134 3580 1233 3684; baseline 0.003 -31"><span class='ocrx_word' id='word_1_168' title='bbox 134 3585 334 3655; x_wconf 86' lang='lat' dir='ltr'>Formulam</span> <span class='ocrx_word' id='word_1_169' title='bbox 369 3587 581 3656; x_wconf 88' lang='lat' dir='ltr'>Concordiae</span> <span class='ocrx_word' id='word_1_170' title='bbox 622 3610 692 3655; x_wconf 90' lang='lat' dir='ltr'>non</span> <span class='ocrx_word' id='word_1_171' title='bbox 725 3587 865 3655; x_wconf 86' lang='lat' dir='ltr'>admisit.</span> <span class='ocrx_word' id='word_1_172' title='bbox 919 3580 990 3654; x_wconf 86' lang='lat' dir='ltr'>Sed</span> <span class='ocrx_word' id='word_1_173' title='bbox 1025 3608 1135 3677; x_wconf 88' lang='lat' dir='ltr'>nepos</span> <span class='ocrx_word' id='word_1_174' title='bbox 1175 3598 1187 3684; x_wconf 64' lang='lat' dir='ltr'>j</span> <span class='ocrx_word' id='word_1_175' title='bbox 1229 3647 1233 3656; x_wconf 79' lang='grc'>,</span> 
     </span>
     <span class='ocr_line' id='line_1_29' title="bbox 132 3687 1135 3783; baseline 0 -27"><span class='ocrx_word' id='word_1_176' title='bbox 132 3688 349 3776; x_wconf 82' lang='lat' dir='ltr'>Mauritius,</span> <span class='ocrx_word' id='word_1_177' title='bbox 373 3692 532 3783; x_wconf 89' lang='lat' dir='ltr'>princeps</span> <span class='ocrx_word' id='word_1_178' title='bbox 560 3689 696 3777; x_wconf 88' lang='lat' dir='ltr'>doctus,</span> <span class='ocrx_word' id='word_1_179' title='bbox 724 3713 754 3758; x_wconf 94' lang='lat' dir='ltr'>a.</span> <span class='ocrx_word' id='word_1_180' title='bbox 770 3687 871 3756; x_wconf 70' lang='lat'>1604</span> <span class='ocrx_word' id='word_1_181' title='bbox 895 3687 1135 3769; x_wconf 76' lang='lat' dir='ltr'>Calvinismum</span> 
     </span>
     <span class='ocr_line' id='line_1_30' title="bbox 133 3787 1134 3884; baseline -0.001 -24"><span class='ocrx_word' id='word_1_182' title='bbox 133 3792 316 3861; x_wconf 86' lang='lat' dir='ltr'>introduxit</span> <span class='ocrx_word' id='word_1_183' title='bbox 350 3803 383 3862; x_wconf 92' lang='lat' dir='ltr'>et</span> <span class='ocrx_word' id='word_1_184' title='bbox 415 3793 538 3862; x_wconf 88' lang='lat' dir='ltr'>deinde</span> <span class='ocrx_word' id='word_1_185' title='bbox 565 3792 706 3862; x_wconf 87' lang='lat' dir='ltr'>decretis</span> <span class='ocrx_word' id='word_1_186' title='bbox 733 3792 865 3884; x_wconf 83' lang='lat' dir='ltr'>Synodi</span> <span class='ocrx_word' id='word_1_187' title='bbox 893 3787 1134 3859; x_wconf 83' lang='lat' dir='ltr'>Dordracenae</span> 
     </span>
     <span class='ocr_line' id='line_1_31' title="bbox 132 3888 1172 3991; baseline 0.001 -29"><span class='ocrx_word' id='word_1_188' title='bbox 132 3897 314 3969; x_wconf 89' lang='lat' dir='ltr'>roboravit.</span> <span class='ocrx_word' id='word_1_189' title='bbox 366 3896 450 3965; x_wconf 89' lang='lat' dir='ltr'>Inde</span> <span class='ocrx_word' id='word_1_190' title='bbox 476 3898 695 3991; x_wconf 82' lang='lat' dir='ltr'>factumest,</span> <span class='ocrx_word' id='word_1_191' title='bbox 725 3905 763 3963; x_wconf 89' lang='lat' dir='ltr'>ut</span> <span class='ocrx_word' id='word_1_192' title='bbox 794 3893 968 3986; x_wconf 78' lang='lat' dir='ltr'>Theologi</span> <span class='ocrx_word' id='word_1_193' title='bbox 992 3888 1133 3963; x_wconf 82' lang='lat' dir='ltr'>Darna·</span> <span class='ocrx_word' id='word_1_194' title='bbox 1169 3970 1172 3975; x_wconf 55' lang='grc'>,</span> 
     </span>
     <span class='ocr_line' id='line_1_32' title="bbox 131 3984 1132 4089; baseline -0.001 -19"><span class='ocrx_word' id='word_1_195' title='bbox 131 4000 329 4071; x_wconf 84' lang='lat' dir='ltr'>stadienaes</span> <span class='ocrx_word' id='word_1_196' title='bbox 351 4007 385 4069; x_wconf 79' lang='lat' dir='ltr'>et</span> <span class='ocrx_word' id='word_1_197' title='bbox 411 3999 613 4072; x_wconf 84' lang='lat' dir='ltr'>Gieasenses</span> <span class='ocrx_word' id='word_1_198' title='bbox 638 4022 681 4069; x_wconf 94' lang='lat' dir='ltr'>eo</span> <span class='ocrx_word' id='word_1_199' title='bbox 705 3998 938 4089; x_wconf 81' lang='lat' dir='ltr'>obstiratiores</span> <span class='ocrx_word' id='word_1_200' title='bbox 955 3997 989 4067; x_wconf 87' lang='lat' dir='ltr'>ia</span> <span class='ocrx_word' id='word_1_201' title='bbox 1010 3984 1132 4069; x_wconf 81' lang='lat' dir='ltr'>defen-</span> 
     </span>
    </p>
   </div>
   <div class='ocr_carea' id='block_1_6' title="bbox 0 0 1290 4732">
    <p class='ocr_par' dir='ltr' id='par_1_9' title="bbox 0 0 1290 4732">
     <span class='ocr_line' id='line_1_33' title="bbox 0 0 1290 4732; baseline 0 6"><span class='ocrx_word' id='word_1_202' title='bbox 0 0 1290 4732; x_wconf 95' lang='lat' dir='ltr'> </span> 
     </span>
    </p>
   </div>
  </div>
 </body>
</html>
