2572 4732
133 390 1136 523 bluotmanat.Potamon-latalaa

220 615 291 698 phio
311 635 344 680 u.
366 613 515 673 Stetistik.
540 609 631 689 1804.
654 612 710 672 Th.
725 612 750 678 I.
769 613 807 676 ll.
821 617 850 678 8.
893 617 938 681 H.
960 617 1136 681 Zocboeko’s

221 699 412 779 Darstellung
434 699 487 759 der
508 699 745 779 gegenwiirtigen
760 699 963 782 Ausbreitung
976 704 1028 764 des
1046 705 1134 766 chri-

221 785 400 850 stenthums.
423 788 516 854 1819.
536 783 567 849 4.

558 1001 595 1104 c.
624 1005 712 1081 124.

241 1181 298 1252 Ad
325 1181 556 1271 quaestionem
582 1181 715 1274 saepius
740 1184 971 1274 propositamr
986 1183 1135 1274 —quid

137 1286 265 1357 intersit
305 1287 391 1354 inter
433 1286 609 1353 ecclesiam
655 1285 858 1359 catholicam
892 1295 928 1357 et
960 1289 1134 1380 evangeli-

138 1415 233 1475 cam,
267 1398 302 1457 et
331 1389 503 1478 quodnam
529 1387 630 1481 hujus
666 1382 709 1457 sit
741 1412 857 1481 verum
890 1399 926 1458 et
958 1393 1137 1484 proprium

137 1492 419 1565 fundamentum?
433 1532 487 1546 -
518 1492 545 1567 si
577 1492 777 1561 brevissimis
810 1495 1018 1586 respondere
1050 1496 1136 1564 veli-

137 1623 225 1685 mus,
251 1598 436 1690 genuinum
461 1596 725 1665 Protestantismi
749 1596 953 1690 principium
979 1598 1030 1667 his
1049 1622 1134 1690 pro-

137 1702 359 1796 positionibus
387 1700 547 1768 contineri
571 1700 777 1768 videbimus:
807 1700 848 1792 l)
872 1702 1046 1772 Ecclesiae
1066 1712 1136 1771 tam

139 1805 274 1876 risibilis
297 1827 398 1894 quam
419 1803 588 1872 invisibilis
611 1813 715 1895 caput
734 1827 911 1874 commune
937 1816 1040 1896 atque
1061 1806 1137 1873 uui·

142 1912 220 1978 cum
247 1931 319 1977 esse
344 1909 465 1977 desum
493 1907 675 1981 Christum.
710 1905 751 1998 2)
772 1907 981 2001 Scripturam
996 1933 1137 2001 sacram,
1171 1966 1176 1978 .

142 2037 168 2082 s.
194 2013 336 2105 verbum
368 2010 434 2080 Dei
467 2013 646 2102 scriptum,
678 2012 881 2080 rationaliter
912 2012 1137 2107 interpretan-

142 2115 242 2203 dum,
274 2116 407 2183 unicam
435 2137 507 2182 esse
535 2114 617 2205 fidei
643 2122 676 2181 et
707 2115 794 2183 vitae
830 2116 1028 2186 christianae
1055 2139 1137 2186 nor·
1256 2204 1259 2210 Α

100 2227 103 2231 ’
140 2242 234 2289 mam
260 2228 294 2287 et
314 2217 478 2309 regulam,
504 2217 558 2285 cui
583 2217 693 2285 nullae
715 2217 907 2287 traditiones
931 2221 996 2288 sint
1015 2222 1139 2310 aequi-

106 2322 109 2327 ’
140 2322 324 2416 parandae.
361 2321 402 2411 3)
417 2320 606 2389 Ecclesiam
629 2343 703 2387 csse
725 2323 1024 2414 congregationem
1050 2325 1139 2394 San-

144 2435 293 2513 ctorum,
329 2425 364 2493 in
400 2446 484 2513 qua,
510 2423 555 2491 ad
570 2423 776 2515 ‘mandatum
803 2424 929 2497 Christi
954 2427 1051 2496 etad
1077 2449 1138 2496 ex·

143 2531 296 2622 emplum
320 2527 482 2596 ecclesiae
508 2528 663 2616 antiquae
689 2536 723 2596 et
743 2529 960 2618 apostolicae,
988 2554 1138 2623 evange·

142 2635 227 2703 lium
252 2640 345 2701 recte
371 2631 551 2722 doceatur,
586 2640 621 2698 et
648 2630 710 2699 rite
734 2630 1003 2702 administrentur
1027 2658 1141 2704 sacra-

145 2746 268 2808 menta.
321 2735 384 2803 His
419 2745 530 2803 autem
558 2735 669 2826 probe
700 2735 875 2817 intellectis
906 2739 1005 2807 facile
1031 2763 1141 2832 appa-

145 2847 215 2928 ret,
231 2862 344 2929 ,quam
369 2839 490 2907 falsum
517 2840 557 2907 sit
582 2830 828 2931 praejudicium
854 2844 1052 2928 multorum,
1085 2841 1143 2939 qui

146 2944 458 3015 Protestautismum
483 2943 538 3010 vel
563 2965 693 3010 merum
722 2942 839 3019 Anti·
855 2944 1064 3039 Papismum
1089 2948 1144 3015 di-

148 3057 243 3135 cant,
269 3048 322 3114 vel
350 3069 426 3112 cum
454 3046 714 3127 Rationalismo
740 3044 901 3117 absoluto
927 3050 1149 3121 confundant

147 3151 240 3220 Illud
269 3158 455 3223 extremum
488 3149 581 3240 apud
614 3148 766 3242 Majores
792 3161 943 3242 nostros,
971 3152 1040 3221 hoc
1062 3176 1144 3224 vero

148 3254 242 3350 apud
267 3256 440 3323 Nostrates
465 3275 609 3345 regnare
633 3253 796 3323 videmus.

195 3493 421 3643 ίῐῧηῖγιηέηη
448 3490 614 3550 denatura
637 3497 667 3549 et
689 3491 791 3551 indole
819 3492 884 3553 veri
903 3493 1149 3554 Protestantismi.

280 3584 331 3643 9.
377 3621 385 3638 .

193 3681 222 3748 J.
247 3682 293 3755 G„
309 3678 544 3739 Rosenmiiller's
563 3643 799 3760 Beantwortung
824 3679 877 3739 der
895 3679 1003 3760 Frage:
1024 3679 1151 3743 warum

239 3785 359 3826 nenncn
379 3766 438 3824 wir
460 3785 517 3824 uns
538 3765 771 3825 Protestanten?
794 3769 885 3833 1790.
906 3769 935 3830 8.
975 3803 980 3812 1
1054 3807 1061 3821 .

197 3871 224 3931 J.
249 3869 284 3935 C.
307 3867 436 3928 Schwab
465 3868 502 3928 de
529 3867 597 3949 jure
616 3868 846 3930 Protestantium
868 3867 1059 3929 examinandi
1079 3870 1153 3930 reli-

241 3957 356 4035 gionem
381 3974 481 4030 suam,
501 3952 649 4034 hujusque
669 3953 812 4013 examinis
833 3955 945 4020 indole.
969 3959 1060 4022 1292.
1081 3959 1111 4020 8.

200 4042 227 4107 J.
241 4042 333 4122 Pleyz
347 4037 474 4102 Warrun
487 4060 608 4102 uennen
619 4040 680 4102 wir
694 4059 752 4102 uns
767 4041 1000 4104 Protestautoul
1022 4040 1115 4110 1826
1125 4045 1155 4106 8.
1276 4053 1280 4060 ·
