2572 4732
152 445 233 522 na
254 443 602 539 raa-naama
621 439 937 554 renense
944 446 1056 522 rese
1083 452 1161 525 ιιι
1271 524 1276 530 ,

183 630 253 697 Ge.
293 630 411 691 Calirti
445 630 647 699 decadentia
682 631 840 695 doctrinae
856 633 1040 698 Pontificius
1066 636 1157 751 juxta

238 715 365 777 ductum
387 716 511 779 concilii
532 706 711 778 Tridentini
736 719 828 785 1654.
850 719 881 784 4.

195 803 268 864 oar.
288 802 415 861 Dreieri
438 802 687 877 Controversiae
692 823 762 864 cum
781 804 945 867 Pontificiis
969 807 1154 891 praecipuae

190 975 217 1034 J.
235 887 454 1035 {gilimiri
410 976 454 1032 eri
472 973 565 1035 Anti·
564 973 771 1035 Bellerminua.
795 978 887 1042 1703
909 976 941 1042 4·

572 1156 610 1259 5.
636 1159 724 1234 rao

249 1334 432 1407 Graviores
457 1345 571 1422 autem
595 1345 734 1407 exortae
759 1346 836 1407 sunt
860 1337 977 1409 inter
967 1363 1059 1434 rpsos
1074 1318 1149 1412 La-

139 1432 315 1509 literatior
337 1443 581 1510 controversiae
601 1441 827 1535 theologicae.
858 1443 1037 1536 Ejusmodi
1055 1456 1151 1517 erant

142 1542 376 1613 altercationes
404 1544 448 1613 de
475 1544 741 1634 Antiaomismo,
768 1545 812 1614 de
827 1543 1076 1641 Syaergismo,
1102 1549 1147 1618 de

136 1655 292 1742 peccato
332 1649 525 1741 originali,
568 1647 618 1717 de
644 1671 803 1742 persona
838 1650 990 1737 Christi„
1031 1652 1147 1741 etde

143 1750 387 1843 Adiaplwrie,
423 1775 510 1843 quae
536 1755 664 1821 animos
689 1754 811 1821 mirum
834 1754 871 1821 in
896 1755 1037 1824 modam
1063 1779 1146 1824 exa-

141 1856 324 1923 cerbarunt
367 1863 400 1924 ct
437 1878 560 1950 pacem
599 1857 764 1925 internam
805 1858 991 1933 turbarunt.
1045 1859 1145 1945 Quae

141 1981 222 2027 cum
241 1958 287 2027 ita
309 1967 438 2044 essent,
464 1960 654 2048 consillum,
680 1983 749 2051 quo
769 1962 921 2029 nonnulli
941 1961 1143 2055 prudentio-

138 2084 195 2130 res
223 2071 258 2130 et
285 2063 420 2155 pacifici
444 2063 505 2132 viri
531 2063 574 2131 de
604 2063 857 2133 reconciliandis
884 2065 1143 2159 Theologomm

138 2166 340 2257 litigantium
368 2167 483 2235 animis
509 2165 722 2259 cogitabant,
747 2166 850 2235 valde
869 2168 1142 2260 approbandum.

136 2269 231 2337 Inter
249 2269 313 2338 hos
333 2293 418 2362 prae
441 2271 559 2338 ceteris
581 2268 768 2337 landandus
784 2268 943 2339 Jacobue
958 2271 1143 2360 Andreae,

137 2373 198 2464 qui
224 2372 304 2444 inde
329 2375 372 2442 ab
403 2396 433 2442 a.
461 2369 563 2442 1569
593 2372 761 2441 indefesso
787 2382 822 2442 ct
847 2373 921 2442 lere
952 2373 1142 2445 incredibili

138 2474 263 2545 ardore
297 2500 383 2568 opus
418 2478 601 2569 pacificum
633 2498 834 2568 aggressae,
866 2476 1028 2567 tandem,
1062 2501 1153 2565 cum·
1258 2560 1263 2569 Ι

138 2581 262 2649 auxilio
288 2583 437 2671 quinque
463 2578 724 2673 Theologon'rm
748 2581 1001 2670 praeclarorum
1014 2589 1049 2649 et
1063 2604 1141 2653 cum

137 2684 217 2775 ipso
257 2685 293 2751 in
332 2685 613 2753 reconciliationis
643 2684 781 2775 negotio
814 2685 1075 2776 conspirantium
1105 2696 1141 2757 et

137 2786 203 2855 sub
225 2788 395 2879 praesidio
411 2788 592 2856 multomm
611 2786 807 2877 Principum
825 2796 860 2856 et
878 2787 1140 2880 Magistratuum

138 2892 448 2984 evangelicorum,
475 2916 505 2965 a.
539 2887 640 2959 15Ἱῖ
671 2889 881 2959 Formalam
916 2891 1140 2967 Concordiae

134 2986 300 3087 perfecit,
334 3018 365 3062 a.
392 2990 607 3086 losengia
635 2993 736 3062 instar
762 2993 955 3062 solemniter
977 2999 1139 3088 proposi-

133 3106 216 3171 tam.
268 3099 348 3166 Non
367 3098 450 3166 ¹t'nlit
480 3097 549 3166 hoc
581 3097 774 3166 Henoticon
805 3097 959 3167 onmium
980 3097 1138 3188 plausum

133 3222 200 3270 nec
225 3223 364 3293 prorem
391 3201 545 3269 omnibns
570 3199 741 3269 fautorum
760 3200 1063 3292 exspectationibus
1080 3226 1138 3273 aa·

132 3304 276 3391 tiefe'cit,
317 3305 473 3395 adeoque
513 3311 584 3371 tam
622 3304 755 3396 largum
791 3326 955 3373 novarum
989 3305 1137 3376 dxeram

131 3394 311 3477 materiam
342 3407 590 3501 suppeditavit,
624 3414 663 3474 ut
687 3406 732 3475 ab
759 3405 957 3478 adversariis
982 3430 1051 3476 non
1075 3431 1149 3478 so·-

131 3512 205 3581 lum
235 3511 437 3582 Concordia
463 3511 616 3594 discors,
643 3508 707 3579 sed
735 3510 836 3602 etiam
860 3511 1034 3580 Formula
1058 3512 1135 3583 dis-¹

132 3612 283 3687 cordiae
308 3622 509 3685 'vocareturr
549 3612 762 3682 nibilominus
794 3613 889 3706 pacis
920 3613 1067 3682 studium
1087 3624 1136 3685 et

133 3708 326 3804 consilium,
360 3742 428 3810 quo
459 3718 655 3786 ferebantur
688 3724 862 3801 auctores,
892 3739 1028 3808 semper
1059 3718 1154 3788 lau-·

132 3822 285 3893 dandum
316 3832 351 3891 et
380 3825 455 3914 ipsa
487 3820 648 3899 Formnla
679 3818 891 3888 Concordiae
917 3821 1004 3890 inter
1027 3845 1134 3914 prae·

133 3926 333 4017 amatissima
358 3927 618 4019 Theologorunr
644 3922 770 4016 scripta
800 3923 939 4018 publica
964 3934 1016 3995 est
1040 3927 1132 3999 rele-

133 4030 249 4107 rendl.
1025 4071 1029 4078 ·
