2572 4732
234 435 312 551 uir.
327 478 371 552 n.
403 477 442 550 Α
459 476 618 573 eroge.
639 475 723 553 m
739 500 816 574 usq.
832 479 1006 552 aomar.
1057 481 1135 585 ne

133 661 212 740 κατ’
245 657 367 763 ἐξοχὴν
400 663 538 758 Mystici
568 675 754 758 vocantur,
799 668 834 738 in
864 678 1031 764 perpetua
1061 669 1136 740 fere

132 773 302 842 discordia
335 779 437 861 atque
478 770 648 869 inimicitia
688 794 765 839 cum
801 772 1020 844 Scholasticis
1048 773 1138 860 vixit.

132 878 226 948 Inter
258 876 372 959 viros,
414 874 473 964 qui
508 875 669 965 pietatem
701 875 811 968 magis
850 876 1136 966 commendarent,

91 970 93 975 ’
132 1003 237 1071 quam
251 978 472 1050 eruditionem
487 976 572 1067 (qna
584 985 697 1046 tamen
707 976 801 1047 haud
816 981 1029 1050 mediocriter
1043 991 1138 1050 erant
1165 1060 1172 1072 „

133 1083 285 1174 imbuti),
313 1091 347 1149 et
363 1081 454 1148 omni
474 1081 585 1149 studio
603 1081 805 1172 depravatos
820 1085 870 1152 sui
888 1087 972 1172 aevi,
992 1085 1137 1153 maxime
1164 1162 1167 1168 ν

136 1187 358 1272 clericorum,
384 1206 495 1251 mores
523 1184 746 1276 corrigerent,
778 1210 905 1279 magna
931 1184 1009 1256 eum
1035 1189 1137 1257 laude

133 1288 375 1362 Bernhardus
411 1287 704 1373 Clarovollensis‚
744 1288 900 1360 Thomas
926 1315 951 1360 a
975 1291 1138 1384 Kempz's,

128 1393 320 1465 Johannes
346 1390 547 1476 Weseelius,
576 1389 658 1462 Joh.
685 1392 732 1460 de
766 1392 925 1482 Vesnlin,
957 1387 1139 1465 Joltomies

138 1497 317 1568 Taulerus
341 1495 464 1584 aliique
489 1495 684 1562 nominandi
709 1505 792 1564 sunt.

180 1711 371 1776 Staeudlin'o
392 1711 497 1775 Gesch.
521 1713 576 1773 der
597 1712 662 1774 chr.
681 1714 788 1782 Moral.
815 1719 906 1783 1808.
927 1738 957 1797 p.
982 1715 1042 1784 134
1055 1737 1139 1796 seqq.

177 1805 223 1864 H,
246 1799 390 1859 Schmid:
413 1800 466 1858 der
487 1799 687 1879 Mysticismus
709 1802 760 1860 des
780 1802 969 1862 Mittelalters
989 1803 1022 1863 in
1043 1805 1140 1888 seiner

221 1885 587 1964 Entstehuugs-Periode.
613 1891 705 1952 1824.
729 1894 758 1953 8.

178 1971 320 2034 Ewold’s
340 1972 437 2031 Briese
458 1971 535 2031 iiber
557 1972 605 2031 die
627 1973 687 2032 alte
702 1973 815 2054 Mystik
831 1993 865 2034 u.
881 1974 940 2034 den
960 1993 1058 2034 neuen
1071 1972 1140 2054 My-

223 2057 379 2116 sticismus.
404 2061 494 2122 1822·
516 2059 548 2120 8·
732 2098 735 2104 =

178 2143 225 2207 A.
239 2141 404 2209 ,Νεαηιίενε
427 2141 482 2202 der
502 2140 607 2221 heilige
628 2140 787 2242 Bernhard
810 2143 875 2204 und
904 2143 968 2205 sein
987 2142 1140 2208 zeitalter.

226 2233 317 2295 1813.
340 2232 371 2293 8.
483 2293 486 2299 .

566 2448 602 2548 s.
629 2451 717 2524 ur.

247 2625 406 2695 Ceterum
439 2627 533 2717 apud
566 2625 735 2717 Mysticos
768 2625 915 2717 primum
955 2626 1000 2695 de
1042 2625 1143 2694 sacris

140 2729 380 2809 emendandis,
408 2729 519 2820 deque
545 2740 632 2799 statu
655 2730 818 2798 ecclesiae
845 2729 1063 2797 reformando
1089 2753 1145 2798 se-

141 2836 212 2902 rius
239 2834 424 2925 cogitatum
450 2843 510 2901 est.
561 2834 641 2925 lpsa
667 2842 779 2901 tamen
798 2832 1001 2923 Mysticismi
1027 2841 1145 2900 natura

141 2947 246 3026 atque
271 2936 399 3005 indoles
425 2937 667 3030 impedimento
694 2937 771 3016 tuit,
799 2959 867 3025 qno
893 2938 1001 3004 minus
1027 2937 1145 3027 splen-

142 3041 258 3110 didior
292 3042 409 3129 aliquis
445 3041 479 3107 in
508 3041 576 3108 hoc
608 3042 746 3132 negotio
772 3039 912 3108 effectus
942 3040 1145 3108 efficeretur.

141 3143 405 3228 itinerantem,
440 3151 478 3210 ut
504 3144 751 3212 ecclesiasticae
775 3143 1021 3216 reformationis
1049 3165 1146 3209 ama-

141 3257 235 3316 tores
252 3246 343 3314 omni
368 3268 456 3314 nexu
477 3248 703 3314 universaliori
718 3256 870 3315 carentes
895 3249 930 3314 in
958 3246 1065 3312 varias
1092 3245 1147 3312 di-

141 3350 337 3420 viderentur
362 3351 480 3444 Sectas
503 3359 537 3417 et
555 3350 730 3418 societates
744 3351 889 3419 minores
907 3357 940 3417 et
962 3349 1144 3439 dispersas,

147 3477 238 3546 quae
263 3475 305 3520 eo
334 3453 463 3522 facilius
486 3453 633 3544 opprimi
655 3463 758 3544 atque
783 3454 931 3546 extingui
950 3460 1146 3542 potuerunt,

149 3559 207 3626 vel
228 3557 355 3624 exiliori
383 3567 473 3624 certe
496 3556 686 3624 conditione
714 3566 747 3625 et
772 3566 862 3625 sorte
884 3577 987 3647 aegre
1011 3554 1145 3646 perdu-

144 3667 271 3729 rarunt.
322 3658 408 3758 lnde
432 3683 454 3728 a
476 3659 611 3728 saeculo
630 3659 813 3727 xll-xv
838 3660 954 3752 plures
980 3655 1146 3750 ejusmodi

149 3764 275 3834 Sectae
290 3772 435 3848 exortae,
462 3785 605 3853 quarum
626 3764 736 3832 socios
755 3761 857 3831 Curia
871 3763 1037 3838 Romana
1048 3761 1146 3830 Hae-

144 3868 269 3936 reticos
303 3874 337 3933 et
369 3864 608 3935 schismaticos
647 3866 900 3967 pronuntiavit,
940 3865 1150 3958 Euangeliou

143 3979 261 4040 autem
286 3968 446 4044 ,Ecclesia
476 3969 596 4038 Testes
620 3970 781 4040 veritatis
806 3978 841 4038 et
867 3964 1166 4064 quomotc'onis'

141 4092 402 4168 praecursores
426 4072 620 4147 declararit.
689 4110 692 4117 ·

189 4191 379 4253 Humuuon.
560 4268 563 4276 Ι
955 4187 982 4257 8
