2572 4732
142 447 226 521 1..1.
247 444 340 520 Hor.
352 443 440 540 nep
456 443 605 516 ethutb.
621 446 698 515 Per.
713 444 740 516 l
755 443 889 515 alala
904 441 1044 515 -1555,
1072 445 1149 516 125

142 635 412 727 omnitempore
433 631 514 727 jugi
539 634 725 725 impatiens
743 642 778 702 et
802 633 962 703 libertatis
988 636 1148 705 amantis-

143 741 228 808 sima
253 739 325 807 fuit.
354 738 395 825 2)
420 726 479 807 Ad
505 739 603 806 situm
632 746 667 805 et
691 745 811 805 statum
839 737 1052 825 Germaniae,
1079 763 1148 829 quo

142 844 188 911 ab
221 829 294 910 aliis
324 842 487 934 Europae
518 841 633 909 diflert
666 842 829 931 partibus.
874 841 915 932 3)
942 842 998 910 Ad
1024 867 1147 912 nexum

141 946 365 1038 singularem,
393 967 462 1036 quo
485 942 646 1014 Soxooia
675 967 752 1012 cum
778 944 913 1032 reliquis
942 941 1145 1015 Germaniae
1200 941 1205 949 ’

142 1051 283 1119 statibus
312 1057 347 1117 et
378 1049 550 1137 ordinibus
585 1057 619 1115 et
647 1070 725 1115 cum
759 1048 830 1115 aliis
861 1049 1040 1140 provinciis
1074 1061 1146 1119 erat

130 1152 333 1245 conjuncta.
367 1152 409 1239 4)
432 1149 489 1220 Ad
520 1153 723 1219 consortium
748 1151 850 1236 illud,
883 1174 952 1242 quo
977 1153 1035 1232 illo
1056 1164 1146 1222 tern-

142 1279 230 1350 pore
262 1257 405 1324 tot-viri
432 1254 524 1323 docti
550 1263 585 1323 et
609 1256 711 1346 probi
740 1255 774 1322 in
797 1254 980 1353 Germpnia
1010 1265 1044 1324 et
1068 1258 1145 1325 unin

141 1383 241 1428 versa
274 1360 347 1427 fere
379 1359 521 1451 Europa
536 1368 667 1426 contra
694 1359 984 1449 superstitionem,
1017 1360 1144 1429 barba-

140 1464 227 1532 riem
257 1472 291 1532 et
316 1462 529 1555 tyrannidem
559 1471 653 1530 erant
677 1462 846 1556 conjuncti
873 1472 907 1531 et
934 1465 1029 1552 quasi
1059 1487 1144 1532 con-

102 1560 107 1578 ’
133 1566 251 1662 jurati.

184 1772 212 1835 J.
237 1773 274 1831 G.
307 1771 487 1851 bestrnnk's
516 1771 704 1850 Darstellung
731 1771 785 1831 der
807 1769 1047 1848 vorziiglichsten
1067 1771 1142 1830 Um-

225 1857 346 1932 st'ande,
372 1856 470 1916 durch
492 1857 607 1917 welche
628 1858 676 1916 die
697 1859 763 1916 lies.
786 1858 985 1932 verbereitet,
1015 1857 1074 1936 bey
1092 1856 1143 1916 ih-

226 1963 292 2002 rem
314 1943 429 2021 Arriang
450 1963 482 2007 ιι.
501 1943 650 2022 Fortgang
671 1949 857 2010 unterstiitzt
877 1962 907 2004 ιι.
919 1941 986 2001 ihre
998 1939 1142 2004 Ausbrei-

227 2039 301 2107 tung
323 2027 478 2088 beliirdert
498 2029 625 2089 worden
646 2030 696 2091 ist.
720 2028 811 2094 1794.
835 2033 864 2093 8.

183 2115 285 2182 LFr.
310 2114 381 2173 Chr.
409 2115 576 2172 Heinrichs
606 2124 764 2176 comment.
796 2113 833 2172 de
854 2113 904 2189 iis,
926 2133 1001 2191 quae
1021 2114 1142 2194 potissi-

227 2221 310 2259 mum
337 2199 520 2258 contulerint
547 2199 586 2258 ed
614 2198 781 2258 Lulherum
803 2218 884 2279 sacr.
913 2200 1141 2260 reformatorem

226 2286 335 2344 sensim
357 2283 568 2362 eftirrgendum.
594 2289 684 2350 1819.
708 2288 737 2347 8.

183 2369 229 2432 H.
250 2372 290 2430 A.
312 2370 465 2429 Erlrerd‘s
486 2369 592 2430 Gesch.
613 2370 667 2428 des
689 2367 992 2430 Wiederaufbliihens
1014 2369 1141 2430 ivissen-

226 2455 419 2514 schaftlicher
448 2456 592 2534 Bildung,
624 2455 773 2515 vorn'aml.
801 2455 834 2513 in
862 2453 1068 2526 Deutschlar'rd
1095 2457 1141 2516 bis

225 2562 294 2603 zum
316 2543 449 2621 Aufenge
470 2542 501 2606 d.
517 2543 649 2610 Reform.
674 2545 756 2608 1829
766 2576 803 2586 —
814 2544 865 2607 32.
888 2539 944 2600 Th.
957 2539 977 2600 1.
993 2540 1095 2609 11.111.
1111 2546 1140 2606 8.

486 2753 490 2762 ·
565 2726 601 2829 ς.
629 2731 716 2801 lar.

243 2904 323 2998 Ipsa
352 2914 466 2974 antem
496 2904 743 3006 reformationis
768 2903 907 2973 historia
932 2903 1139 2992 universalis,

139 3006 236 3100 eujus
267 3009 431 3077 Periodus
470 3010 582 3099 prima
617 3017 751 3099 tempus
787 3009 830 3075 ab
866 3007 1075 3074 incunabulis
1109 3030 1140 3074 a.

141 3110 244 3181 1517
269 3135 377 3202 usque
403 3111 449 3179 ad
470 3111 596 3180 Pacem
623 3112 667 3180 de
687 3113 851 3203 religione
870 3134 900 3179 a.
919 3106 1019 3176 1555
1043 3132 1139 3177 com-

137 3212 320 3307 plectitur,
359 3215 452 3283 hisce
493 3217 703 3307 potissimum
737 3215 918 3283 absolvitur
958 3213 1139 3304 capitibus:

138 3316 166 3388 1.
191 3318 245 3388 De
278 3320 345 3386 vita
380 3327 414 3386 et
439 3318 536 3386 factis
570 3317 723 3388 Martini
754 3317 918 3403 Lotberr',
953 3317 1009 3405 qui
1035 3315 1140 3384 omnis

137 3418 240 3514 hujus
260 3421 380 3490 causae
406 3421 640 3515 antesignanus
669 3430 703 3491 et
728 3422 777 3490 vis
794 3442 931 3489 movens
952 3417 1139 3488 habendus.

137 3523 181 3593 ll.
197 3525 253 3593 De
278 3526 354 3593 viris
380 3525 538 3617 egregiis,
564 3525 717 3593 Lntheri-
732 3526 839 3610 sociis,
866 3524 923 3614 qui
944 3521 1140 3608 eruditione,
1205 3610 1207 3615 Α

136 3628 273 3721 ingenio
288 3638 322 3696 et
334 3629 456 3696 virtute
472 3651 557 3721 opus
576 3630 719 3696 salutare
734 3633 985 3718 promoverunt.
1011 3625 1070 3694 ΙΙΙ.
1085 3626 1140 3693 De

137 3733 348 3824 principibus
383 3724 423 3799 et'
450 3732 698 3824 magistratibus
724 3728 969 3800 reformationis
999 3729 1138 3820 negotio

137 3836 327 3905 faventibus
353 3834 504 3924 illudque
530 3835 678 3903 mascnle
703 3833 969 3904 defendentibus.
1001 3832 1059 3900 IV.
1085 3833 1140 3899 De
1267 3845 1274 3855 ·

138 3938 390 4007 difficultatibus
422 3949 457 4007 et
486 3938 734 4030 impedimentis
767 3961 788 4005 a
815 3938 967 4030 partibus
996 3935 1140 4004 Pontifi-

138 4042 267 4113 eiorum
292 4042 568 4112 Prot'estarrtismo
595 4040 768 4136 oppositis.
800 4041 844 4116 V.
869 4041 924 4113 De
942 4039 1140 4111 bansactio-
