2572 4732
136 440 213 510 22⁰
264 392 354 508 'Pars
367 435 428 504 lll.
453 431 619 504 Historia
632 431 755 503 eccles.
768 434 898 501 recent.
915 431 1010 504 aevi.
1137 396 1138 399 Ἴ

414 738 757 811 rumonus
797 736 861 809 uu.
970 836 974 843 η
1065 828 1068 835 Δ

136 901 170 970 Α
192 896 435 969 Constitutione
454 895 658 988 Unigenitus
680 916 787 984 usque
808 893 853 960 ad
870 894 1147 985 suppressionem

342 1019 566 1106 Jesuitarum,
592 1040 625 1089 a.
652 1012 934 1086 lazi-1773.

560 1193 726 1206 *—

562 1322 599 1424 p
629 1325 717 1396 aaa.

239 1501 333 1570 luter
366 1501 547 1576 Pontifices
578 1501 680 1594 hujus
703 1501 782 1568 aevi
807 1499 876 1568 duo
903 1500 1053 1568 eminent
1078 1520 1146 1566 nou

126 1590 206 1675 ,ino
238 1605 372 1673 nomine
403 1604 573 1676 laudandi.
642 1605 859 1674 Benedictus
891 1603 996 1673 XIV.
1042 1602 1150 1690 (ante

138 1708 336 1779 electionem
362 1733 393 1776 a.
415 1708 517 1776 174⁰
545 1709 670 1776 facum
695 1707 857 1800 Prosper
881 1706 1146 1794 Lambertini),

138 1812 348 1884 doctissimus
382 1812 570 1903 raparum,
613 1812 658 1879 de
692 1811 954 1880 cuuonisuto‘oue
987 1809 1145 1878 Sancto-

137 1937 218 1983 rum
250 1924 284 1982 et
317 1913 441 1983 diebus
462 1913 573 2006 festis
604 1915 744 2005 aliisque
776 1916 877 1983 rebus
910 1907 1145 1983 ecclesiasticis

137 2019 313 2111 praeclare
352 2019 501 2086 scribens
531 2019 566 2087 iu
598 2020 831 2087 controversiis
870 2017 1073 2108 theologicis
1111 2023 1146 2084 et

136 2121 301 2190 litterariis
321 2121 499 2190 discrimen
518 2121 604 2189 inter
626 2132 817 2208 auctorem,
841 2123 910 2190 sive
930 2123 1144 2212 scriptorem,

98 2230 101 2237 “
137 2233 172 2295 et
188 2225 396 2309 Pontificem
421 2226 509 2294 bene
542 2249 582 2292 ac
615 2225 801 2317 prudenter
829 2227 1037 2310 observavit,
1070 2226 1143 2292 ole-

135 2352 212 2399 rum
225 2328 281 2399 ad
304 2329 414 2398 studia
438 2330 597 2397 litteraria
618 2329 819 2397 excitaturus
845 2331 979 2397 Romae
997 2337 1145 2419 quatuor

136 2431 340 2505 Academias
364 2433 504 2501 instituit
528 2443 563 2501 et
588 2435 759 2524 antiquam
785 2419 1048 2503 Univer‘sitatem
1070 2433 1144 2501 Bo-

136 2537 331 2606 noniensem
356 2537 561 2605 reformavit.
613 2537 653 2605 ln
678 2538 780 2605 rebus
806 2538 970 2629 politicis,
997 2537 1148 2604 maxime·

136 2640 172 2709 in
197 2641 355 2708 conflictu
380 2663 459 2708 cum
479 2641 673 2732 Republica
698 2641 900 2730 Venetiana,
926 2640 1146 2708 moderatum

137 2765 178 2810 ac
202 2743 405 2834 prudentem
432 2767 468 2810 se
493 2745 615 2835 gessit,
640 2744 676 2812 iu
702 2745 769 2812 vita
783 2753 900 2812 'autem
921 2746 1054 2836 privata
1073 2743 1144 2811 hu-

136 2846 303 2915 manitatis
321 2848 372 2914 “et
400 2846 586 2915 modestiae
612 2848 788 2938 singularis
815 2849 909 2917 dedit
935 2849 1145 2939 exemplum.

135 2950 177 3017 ln
212 2948 393 3019 Clemente
426 2949 530 3020 XIV.
575 2951 591 3038 (
600 2975 619 3018 e
653 2951 780 3019 familia
819 2952 1069 3045 Gauguuelli)
1111 2976 1144 3021 a.

136 3049 408 3122 1769-1774
441 3055 477 3122 iu
511 3054 674 3123 cathedra
699 3056 838 3125 sedente
864 3057 1036 3148 ingenium
1062 3079 1145 3123 cum

135 3148 321 3237 eruditione
355 3158 500 3246 artisque
539 3181 655 3227 amore
692 3160 819 3249 (quem
852 3160 1019 3230 Museum
1059 3159 1144 3228 cte-

134 3254 326 3328 montinum
357 3263 518 3353 testatur)
557 3254 785 3355 conjunctum.
838 3263 889 3335 Ut
922 3262 1143 3331 concordiam

74 3385 101 3448 j
135 3386 214 3433 cum
233 3365 371 3456 regibus
398 3366 611 3453 Lusitaniae,
637 3366 823 3459 Hispaniae
843 3368 1049 3457 et'Galliae,
1076 3369 1143 3436 im-

133 3466 312 3561 prudentia
342 3467 532 3538 Clemeutis
550 3470 628 3551 xl,
653 3470 832 3539 Benedicti
858 3472 951 3545 Xlll.
978 3471 1142 3540 aliorum-

99 3645 102 3650 ,
133 3592 204 3662 que
234 3582 492 3640 autecessorum
524 3573 710 3660 turbatam,
740 3575 951 3659 restitueret,
985 3576 1141 3667 pluribus

134 3676 220 3743 votis
247 3683 282 3742 et
305 3677 481 3770 postulatis
503 3700 622 3745 eorum
648 3679 783 3767 annuit,
810 3679 897 3746 inter
918 3701 1007 3770 quac
1030 3681 1142 3769 aboli-

132 3768 181 3845 tio
202 3769 413 3847 ,Jesrlitarum
437 3779 543 3874 longe
559 3780 633 3848 'fuit
657 3782 859 3874 gravissima.
960 3874 964 3881 ἡ
1092 3774 1095 3779 ’

176 3946 246 4023 Vita
275 3949 428 4009 Benedicti
450 3950 529 4024 xlv,
557 3952 592 4011 in
616 3953 797 4013 Gztamucci
816 3952 887 4019 hist.
909 3952 1020 4019 Pontis.
1042 3954 1078 4012 T.
1103 3953 1140 4012 ll.

215 4052 247 4112 P·
260 4033 324 4100 487
339 4055 421 4116 seqq.
464 4039 654 4134 Rumbaolr’o
678 4037 783 4099 Geuch.
803 4039 833 4099 d.
855 4041 962 4122 Papste
982 4039 1063 4100 nach
1087 4039 1140 4099 der
