<?xml version="1.0" encoding="UTF-8"?>
<!DOCTYPE html PUBLIC "-//W3C//DTD XHTML 1.0 Transitional//EN"
    "http://www.w3.org/TR/xhtml1/DTD/xhtml1-transitional.dtd">
<html xmlns="http://www.w3.org/1999/xhtml" xml:lang="en" lang="en">
 <head>
  <title>
</title>
<meta http-equiv="Content-Type" content="text/html;charset=utf-8" />
  <meta name='ocr-system' content='tesseract 3.04.00' />
  <meta name='ocr-capabilities' content='ocr_page ocr_carea ocr_par ocr_line ocrx_word'/>
</head>
<body>
  <div class='ocr_page' id='page_1' title='image "./historiaeeccles00augugoog_0035.png"; bbox 0 0 2572 4732; ppageno 0'>
   <div class='ocr_carea' id='block_1_1' title="bbox 178 423 1042 535">
    <p class='ocr_par' dir='ltr' id='par_1_1' title="bbox 178 423 1051 555">
     <span class='ocr_line' id='line_1_1' title="bbox 178 423 1042 535; baseline 0.001 -25"><span class='ocrx_word' id='word_1_1' title='bbox 178 438 230 510; x_wconf 78' lang='grc'>10</span> <span class='ocrx_word' id='word_1_2' title='bbox 296 449 304 499; x_wconf 71' lang='grc' dir='ltr'>Γ</span> <span class='ocrx_word' id='word_1_3' title='bbox 325 423 451 535; x_wconf 66' lang='lat' dir='ltr'>Persi</span> <span class='ocrx_word' id='word_1_4' title='bbox 468 437 651 513; x_wconf 59' lang='lat' dir='ltr'>trienna</span> <span class='ocrx_word' id='word_1_5' title='bbox 664 442 843 513; x_wconf 75' lang='lat' dir='ltr'>ecciesiae</span> <span class='ocrx_word' id='word_1_6' title='bbox 863 441 1042 534; x_wconf 75' lang='lat' dir='ltr'>nmiqune.</span> 
     </span>
    </p>
   </div>
   <div class='ocr_carea' id='block_1_2' title="bbox 177 629 1184 1138">
    <p class='ocr_par' dir='ltr' id='par_1_2' title="bbox 177 629 1184 1138">
     <span class='ocr_line' id='line_1_2' title="bbox 177 629 1183 722; baseline 0.003 -24"><span class='ocrx_word' id='word_1_7' title='bbox 177 629 318 720; x_wconf 82' lang='lat' dir='ltr'>quidem</span> <span class='ocrx_word' id='word_1_8' title='bbox 331 629 413 702; x_wconf 68' lang='lat' dir='ltr'>„hoo</span> <span class='ocrx_word' id='word_1_9' title='bbox 429 640 659 722; x_wconf 78' lang='lat' dir='ltr'>argumento,</span> <span class='ocrx_word' id='word_1_10' title='bbox 703 629 749 700; x_wconf 92' lang='lat' dir='ltr'>ad</span> <span class='ocrx_word' id='word_1_11' title='bbox 774 630 883 722; x_wconf 84' lang='lat' dir='ltr'>ipsam</span> <span class='ocrx_word' id='word_1_12' title='bbox 916 639 1070 701; x_wconf 88' lang='lat' dir='ltr'>naturam</span> <span class='ocrx_word' id='word_1_13' title='bbox 1100 634 1183 703; x_wconf 85' lang='lat' dir='ltr'>reli-</span> 
     </span>
     <span class='ocr_line' id='line_1_3' title="bbox 177 733 1183 826; baseline 0.006 -25"><span class='ocrx_word' id='word_1_14' title='bbox 177 735 290 826; x_wconf 78' lang='lat' dir='ltr'>gionis</span> <span class='ocrx_word' id='word_1_15' title='bbox 317 733 514 802; x_wconf 80' lang='lat' dir='ltr'>christianae</span> <span class='ocrx_word' id='word_1_16' title='bbox 540 733 760 824; x_wconf 76' lang='lat' dir='ltr'>indolemque</span> <span class='ocrx_word' id='word_1_17' title='bbox 794 737 977 821; x_wconf 87' lang='lat' dir='ltr'>internam,</span> <span class='ocrx_word' id='word_1_18' title='bbox 1017 738 1183 826; x_wconf 88' lang='lat' dir='ltr'>simulque</span> 
     </span>
     <span class='ocr_line' id='line_1_4' title="bbox 177 835 1183 932; baseline 0.003 -26"><span class='ocrx_word' id='word_1_19' title='bbox 177 838 223 906; x_wconf 89' lang='lat' dir='ltr'>ad</span> <span class='ocrx_word' id='word_1_20' title='bbox 244 846 365 905; x_wconf 87' lang='lat' dir='ltr'>statum</span> <span class='ocrx_word' id='word_1_21' title='bbox 385 847 420 904; x_wconf 92' lang='lat' dir='ltr'>et</span> <span class='ocrx_word' id='word_1_22' title='bbox 447 835 673 909; x_wconf 89' lang='lat' dir='ltr'>conditionem</span> <span class='ocrx_word' id='word_1_23' title='bbox 693 847 887 929; x_wconf 87' lang='lat' dir='ltr'>temporum</span> <span class='ocrx_word' id='word_1_24' title='bbox 909 850 944 907; x_wconf 89' lang='lat' dir='ltr'>et</span> <span class='ocrx_word' id='word_1_25' title='bbox 962 843 1183 932; x_wconf 89' lang='lat' dir='ltr'>populorum,</span> 
     </span>
     <span class='ocr_line' id='line_1_5' title="bbox 177 941 1184 1032; baseline 0.006 -24"><span class='ocrx_word' id='word_1_26' title='bbox 177 942 300 1032; x_wconf 81' lang='lat' dir='ltr'>quibus</span> <span class='ocrx_word' id='word_1_27' title='bbox 319 941 447 1009; x_wconf 83' lang='lat' dir='ltr'>&#39;tradita</span> <span class='ocrx_word' id='word_1_28' title='bbox 475 952 526 1010; x_wconf 88' lang='lat' dir='ltr'>est</span> <span class='ocrx_word' id='word_1_29' title='bbox 557 941 683 1012; x_wconf 79' lang='lat' dir='ltr'>Christi</span> <span class='ocrx_word' id='word_1_30' title='bbox 709 942 878 1031; x_wconf 86' lang='lat' dir='ltr'>doctrina,</span> <span class='ocrx_word' id='word_1_31' title='bbox 914 946 1099 1017; x_wconf 78' lang='lat' dir='ltr'>accuratius</span> <span class='ocrx_word' id='word_1_32' title='bbox 1125 968 1184 1014; x_wconf 85' lang='lat' dir='ltr'>re-</span> 
     </span>
     <span class='ocr_line' id='line_1_6' title="bbox 177 1042 647 1138; baseline 0.002 -24"><span class='ocrx_word' id='word_1_33' title='bbox 177 1042 310 1138; x_wconf 79' lang='lat' dir='ltr'>spicere</span> <span class='ocrx_word' id='word_1_34' title='bbox 331 1046 522 1115; x_wconf 86' lang='lat' dir='ltr'>voluissent.</span> <span class='ocrx_word' id='word_1_35' title='bbox 536 1088 552 1110; x_wconf 94' lang='lat'>·.</span> <span class='ocrx_word' id='word_1_36' title='bbox 597 1115 600 1119; x_wconf 83' lang='grc'><strong>,</strong></span> <span class='ocrx_word' id='word_1_37' title='bbox 644 1098 647 1103; x_wconf 74' lang='lat'><em>·</em></span> 
     </span>
    </p>
   </div>
   <div class='ocr_carea' id='block_1_3' title="bbox 188 1195 1184 1468">
    <p class='ocr_par' dir='ltr' id='par_1_3' title="bbox 188 1195 1184 1466">
     <span class='ocr_line' id='line_1_7' title="bbox 188 1195 1184 1301; baseline 0.002 -28"><span class='ocrx_word' id='word_1_38' title='bbox 188 1261 193 1273; x_wconf 85' lang='lat'>.</span> <span class='ocrx_word' id='word_1_39' title='bbox 218 1214 400 1295; x_wconf 81' lang='lat' dir='ltr'>Testimonia</span> <span class='ocrx_word' id='word_1_40' title='bbox 425 1223 562 1277; x_wconf 81' lang='lat' dir='ltr'>veterum</span> <span class='ocrx_word' id='word_1_41' title='bbox 582 1213 621 1276; x_wconf 87' lang='lat' dir='ltr'>‹le</span> <span class='ocrx_word' id='word_1_42' title='bbox 642 1212 750 1297; x_wconf 81' lang='lat' dir='ltr'>rapida</span> <span class='ocrx_word' id='word_1_43' title='bbox 770 1214 921 1298; x_wconf 69' lang='lat' dir='ltr'>religionis</span> <span class='ocrx_word' id='word_1_44' title='bbox 943 1214 1006 1301; x_wconf 82' lang='lat' dir='ltr'>chr.</span> <span class='ocrx_word' id='word_1_45' title='bbox 1032 1195 1184 1297; x_wconf 69' lang='lat' dir='ltr'>propaga-</span> 
     </span>
     <span class='ocr_line' id='line_1_8' title="bbox 260 1301 1182 1381; baseline 0.003 -21"><span class='ocrx_word' id='word_1_46' title='bbox 260 1303 344 1360; x_wconf 87' lang='lat' dir='ltr'>tione</span> <span class='ocrx_word' id='word_1_47' title='bbox 366 1303 422 1364; x_wconf 90' lang='lat' dir='ltr'>sub</span> <span class='ocrx_word' id='word_1_48' title='bbox 445 1318 602 1360; x_wconf 84' lang='lat' dir='ltr'>censuram</span> <span class='ocrx_word' id='word_1_49' title='bbox 624 1301 745 1359; x_wconf 87' lang='lat' dir='ltr'>vocavit</span> <span class='ocrx_word' id='word_1_50' title='bbox 769 1302 806 1360; x_wconf 87' lang='lat' dir='ltr'>G.</span> <span class='ocrx_word' id='word_1_51' title='bbox 829 1302 869 1381; x_wconf 94' lang='lat' dir='ltr'>A.</span> <span class='ocrx_word' id='word_1_52' title='bbox 888 1301 1061 1363; x_wconf 83' lang='lat' dir='ltr'>Osiander:</span> <span class='ocrx_word' id='word_1_53' title='bbox 1083 1304 1182 1363; x_wconf 89' lang='lat' dir='ltr'>Ueber</span> 
     </span>
     <span class='ocr_line' id='line_1_9' title="bbox 262 1380 1182 1468; baseline 0 -22"><span class='ocrx_word' id='word_1_54' title='bbox 262 1387 312 1446; x_wconf 89' lang='lat' dir='ltr'>die</span> <span class='ocrx_word' id='word_1_55' title='bbox 333 1388 537 1466; x_wconf 82' lang='lat' dir='ltr'>Ausbreitung</span> <span class='ocrx_word' id='word_1_56' title='bbox 558 1380 610 1447; x_wconf 75' lang='lat' dir='ltr'>‹te&#39;s</span> <span class='ocrx_word' id='word_1_57' title='bbox 625 1385 885 1467; x_wconf 78' lang='lat' dir='ltr'>Christenthums5</span> <span class='ocrx_word' id='word_1_58' title='bbox 905 1389 953 1447; x_wconf 89' lang='lat' dir='ltr'>ein</span> <span class='ocrx_word' id='word_1_59' title='bbox 975 1389 1047 1448; x_wconf 84' lang='lat' dir='ltr'>krit.</span> <span class='ocrx_word' id='word_1_60' title='bbox 1054 1390 1182 1468; x_wconf 82' lang='lat' dir='ltr'>&#39;Beitrsg</span> 
     </span>
    </p>
   </div>
   <div class='ocr_carea' id='block_1_4' title="bbox 235 1473 1182 1647">
    <p class='ocr_par' dir='ltr' id='par_1_4' title="bbox 235 1473 1181 1641">
     <span class='ocr_line' id='line_1_10' title="bbox 261 1473 1181 1551; baseline 0.005 -20"><span class='ocrx_word' id='word_1_61' title='bbox 261 1493 317 1532; x_wconf 83' lang='lat' dir='ltr'>zur</span> <span class='ocrx_word' id='word_1_62' title='bbox 337 1473 567 1551; x_wconf 82' lang='lat' dir='ltr'>Kirchengesch.</span> <span class='ocrx_word' id='word_1_63' title='bbox 598 1474 652 1533; x_wconf 90' lang='lat' dir='ltr'>der</span> <span class='ocrx_word' id='word_1_64' title='bbox 673 1482 773 1532; x_wconf 85' lang='lat' dir='ltr'>ersten</span> <span class='ocrx_word' id='word_1_65' title='bbox 804 1475 869 1533; x_wconf 87' lang='lat' dir='ltr'>drei</span> <span class='ocrx_word' id='word_1_66' title='bbox 890 1473 1181 1536; x_wconf 85' lang='lat' dir='ltr'>J.ohrhunderte.V</span> 
     </span>
     <span class='ocr_line' id='line_1_11' title="bbox 235 1558 1182 1647; baseline 0.002 -28"><span class='ocrx_word' id='word_1_67' title='bbox 235 1558 376 1638; x_wconf 19' lang='lat' dir='ltr'>‘Archiv</span> <span class='ocrx_word' id='word_1_68' title='bbox 404 1561 453 1620; x_wconf 87' lang='lat' dir='ltr'>tiir</span> <span class='ocrx_word' id='word_1_69' title='bbox 475 1560 535 1618; x_wconf 84' lang='lat' dir='ltr'>alte</span> <span class='ocrx_word' id='word_1_70' title='bbox 565 1560 629 1621; x_wconf 81' lang='lat' dir='ltr'>und</span> <span class='ocrx_word' id='word_1_71' title='bbox 658 1578 734 1619; x_wconf 85' lang='lat' dir='ltr'>neue</span> <span class='ocrx_word' id='word_1_72' title='bbox 756 1560 986 1647; x_wconf 80' lang='lat' dir='ltr'>Kirchengesch.</span> <span class='ocrx_word' id='word_1_73' title='bbox 1016 1562 1113 1621; x_wconf 83' lang='lat' dir='ltr'>1V.B.</span> <span class='ocrx_word' id='word_1_74' title='bbox 1143 1563 1182 1623; x_wconf 90' lang='lat' dir='ltr'>ll.</span> 
     </span>
    </p>
   </div>
   <div class='ocr_carea' id='block_1_5' title="bbox 201 1646 1181 1827">
    <p class='ocr_par' dir='ltr' id='par_1_5' title="bbox 201 1646 1181 1827">
     <span class='ocr_line' id='line_1_12' title="bbox 211 1646 1181 1736; baseline 0.004 -32"><span class='ocrx_word' id='word_1_75' title='bbox 211 1648 305 1704; x_wconf 51' lang='lat' dir='ltr'>¹²St.</span> <span class='ocrx_word' id='word_1_76' title='bbox 327 1665 357 1726; x_wconf 86' lang='lat' dir='ltr'>p.</span> <span class='ocrx_word' id='word_1_77' title='bbox 384 1649 443 1710; x_wconf 81' lang='lat'>331</span> <span class='ocrx_word' id='word_1_78' title='bbox 463 1665 544 1726; x_wconf 83' lang='lat' dir='ltr'>seqq.</span> <span class='ocrx_word' id='word_1_79' title='bbox 586 1646 635 1707; x_wconf 78' lang='lat' dir='ltr'>td</span> <span class='ocrx_word' id='word_1_80' title='bbox 664 1647 710 1707; x_wconf 78' lang='lat' dir='ltr'>Jal</span> <span class='ocrx_word' id='word_1_81' title='bbox 710 1648 881 1707; x_wconf 82' lang='lat' dir='ltr'>amismum</span> <span class='ocrx_word' id='word_1_82' title='bbox 902 1647 1041 1736; x_wconf 75' lang='lat' dir='ltr'>inprimis</span> <span class='ocrx_word' id='word_1_83' title='bbox 1062 1657 1108 1708; x_wconf 86' lang='lat' dir='ltr'>est</span> <span class='ocrx_word' id='word_1_84' title='bbox 1128 1667 1181 1709; x_wconf 84' lang='lat' dir='ltr'>re-</span> 
     </span>
     <span class='ocr_line' id='line_1_13' title="bbox 201 1730 539 1827; baseline 0.003 -37"><span class='ocrx_word' id='word_1_85' title='bbox 201 1792 213 1799; x_wconf 62' lang='lat'><em>„</em></span> <span class='ocrx_word' id='word_1_86' title='bbox 249 1730 456 1813; x_wconf 79' lang='lat' dir='ltr'>spiciendum.</span> <span class='ocrx_word' id='word_1_87' title='bbox 538 1822 539 1827; x_wconf 7' lang='grc' dir='ltr'>η</span> 
     </span>
    </p>
   </div>
   <div class='ocr_carea' id='block_1_6' title="bbox 628 1930 729 2034">
    <p class='ocr_par' dir='ltr' id='par_1_6' title="bbox 628 1930 729 2034">
     <span class='ocr_line' id='line_1_14' title="bbox 628 1930 729 2034; baseline 0.05 -26"><span class='ocrx_word' id='word_1_88' title='bbox 628 1930 664 2034; x_wconf 68' lang='lat' dir='ltr'>g.</span> <span class='ocrx_word' id='word_1_89' title='bbox 692 1937 729 2013; x_wconf 88' lang='lat' dir='ltr'>s.</span> 
     </span>
    </p>
   </div>
   <div class='ocr_carea' id='block_1_7' title="bbox 171 2032 1243 3208">
    <p class='ocr_par' dir='ltr' id='par_1_7' title="bbox 171 2032 1243 3208">
     <span class='ocr_line' id='line_1_15' title="bbox 252 2032 1180 2169; baseline -0.001 -25"><span class='ocrx_word' id='word_1_90' title='bbox 252 2077 345 2144; x_wconf 80' lang='lat' dir='ltr'>inter</span> <span class='ocrx_word' id='word_1_91' title='bbox 373 2100 508 2163; x_wconf 81' lang='lat' dir='ltr'>causas,</span> <span class='ocrx_word' id='word_1_92' title='bbox 543 2077 664 2169; x_wconf 92' lang='lat' dir='ltr'>quibus</span> <span class='ocrx_word' id='word_1_93' title='bbox 700 2032 894 2146; x_wconf 87' lang='lat' dir='ltr'>admirabili</span> <span class='ocrx_word' id='word_1_94' title='bbox 915 2046 1064 2166; x_wconf 83' lang='lat' dir='ltr'>quadani</span> <span class='ocrx_word' id='word_1_95' title='bbox 1090 2077 1180 2168; x_wconf 92' lang='lat' dir='ltr'>rapi-</span> 
     </span>
     <span class='ocr_line' id='line_1_16' title="bbox 175 2178 1243 2275; baseline -0.004 -24"><span class='ocrx_word' id='word_1_96' title='bbox 175 2178 280 2251; x_wconf 84' lang='lat' dir='ltr'>ditate</span> <span class='ocrx_word' id='word_1_97' title='bbox 305 2192 464 2271; x_wconf 88' lang='lat' dir='ltr'>promota</span> <span class='ocrx_word' id='word_1_98' title='bbox 491 2191 542 2249; x_wconf 89' lang='lat' dir='ltr'>est</span> <span class='ocrx_word' id='word_1_99' title='bbox 573 2183 694 2275; x_wconf 85' lang='lat' dir='ltr'>religio</span> <span class='ocrx_word' id='word_1_100' title='bbox 727 2182 926 2265; x_wconf 81' lang='lat' dir='ltr'>christiana,</span> <span class='ocrx_word' id='word_1_101' title='bbox 967 2182 1078 2271; x_wconf 93' lang='lat' dir='ltr'>primo</span> <span class='ocrx_word' id='word_1_102' title='bbox 1102 2180 1180 2247; x_wconf 87' lang='lat' dir='ltr'>loco</span> <span class='ocrx_word' id='word_1_103' title='bbox 1238 2225 1243 2238; x_wconf 63' lang='lat'>=</span> 
     </span>
     <span class='ocr_line' id='line_1_17' title="bbox 172 2275 1180 2377; baseline -0.001 -26"><span class='ocrx_word' id='word_1_104' title='bbox 172 2281 354 2376; x_wconf 86' lang='lat' dir='ltr'>ponendae</span> <span class='ocrx_word' id='word_1_105' title='bbox 382 2295 459 2354; x_wconf 86' lang='lat' dir='ltr'>sunt</span> <span class='ocrx_word' id='word_1_106' title='bbox 489 2275 772 2356; x_wconf 78' lang='lat' dir='ltr'>Christianorum</span> <span class='ocrx_word' id='word_1_107' title='bbox 797 2288 1068 2377; x_wconf 71' lang='lat' dir='ltr'>persecutiones.</span> <span class='ocrx_word' id='word_1_108' title='bbox 1109 2284 1180 2351; x_wconf 90' lang='lat' dir='ltr'>Ve-</span> 
     </span>
     <span class='ocr_line' id='line_1_18' title="bbox 172 2384 1180 2480; baseline -0.003 -24"><span class='ocrx_word' id='word_1_109' title='bbox 172 2389 301 2458; x_wconf 88' lang='lat' dir='ltr'>rissime</span> <span class='ocrx_word' id='word_1_110' title='bbox 326 2391 414 2458; x_wconf 92' lang='lat' dir='ltr'>enim</span> <span class='ocrx_word' id='word_1_111' title='bbox 447 2413 468 2456; x_wconf 89' lang='lat' dir='ltr'>a</span> <span class='ocrx_word' id='word_1_112' title='bbox 493 2384 701 2457; x_wconf 84' lang='lat' dir='ltr'>Tertulliano</span> <span class='ocrx_word' id='word_1_113' title='bbox 737 2390 905 2480; x_wconf 79' lang='lat' dir='ltr'>(Apolog.</span> <span class='ocrx_word' id='word_1_114' title='bbox 939 2411 967 2455; x_wconf 90' lang='lat' dir='ltr'>c.</span> <span class='ocrx_word' id='word_1_115' title='bbox 988 2387 1021 2457; x_wconf 94' lang='lat' dir='ltr'>l.</span> <span class='ocrx_word' id='word_1_116' title='bbox 1046 2386 1107 2454; x_wconf 78' lang='lat'>50.</span> <span class='ocrx_word' id='word_1_117' title='bbox 1135 2386 1180 2454; x_wconf 91' lang='lat' dir='ltr'>ad</span> 
     </span>
     <span class='ocr_line' id='line_1_19' title="bbox 173 2490 1204 2585; baseline -0.004 -25"><span class='ocrx_word' id='word_1_118' title='bbox 173 2491 315 2585; x_wconf 88' lang='lat' dir='ltr'>Scapul.</span> <span class='ocrx_word' id='word_1_119' title='bbox 344 2518 373 2561; x_wconf 89' lang='lat' dir='ltr'>o.</span> <span class='ocrx_word' id='word_1_120' title='bbox 389 2491 424 2560; x_wconf 83' lang='lat'>5.</span> <span class='ocrx_word' id='word_1_121' title='bbox 451 2492 495 2560; x_wconf 88' lang='lat' dir='ltr'>de</span> <span class='ocrx_word' id='word_1_122' title='bbox 522 2493 607 2585; x_wconf 83' lang='lat' dir='ltr'>fuga</span> <span class='ocrx_word' id='word_1_123' title='bbox 635 2516 662 2560; x_wconf 87' lang='lat' dir='ltr'>c.</span> <span class='ocrx_word' id='word_1_124' title='bbox 687 2492 825 2582; x_wconf 81' lang='lat' dir='ltr'>lsqq.)‚</span> <span class='ocrx_word' id='word_1_125' title='bbox 853 2490 1004 2583; x_wconf 84' lang='lat' dir='ltr'>Origene</span> <span class='ocrx_word' id='word_1_126' title='bbox 1032 2491 1178 2582; x_wconf 85' lang='lat' dir='ltr'>(exhort.</span> <span class='ocrx_word' id='word_1_127' title='bbox 1201 2506 1204 2512; x_wconf 84' lang='lat'>&#39;</span> 
     </span>
     <span class='ocr_line' id='line_1_20' title="bbox 172 2595 1180 2688; baseline 0.001 -27"><span class='ocrx_word' id='word_1_128' title='bbox 172 2596 217 2662; x_wconf 90' lang='lat' dir='ltr'>ad</span> <span class='ocrx_word' id='word_1_129' title='bbox 244 2599 401 2688; x_wconf 80' lang='lat' dir='ltr'>martyr.)</span> <span class='ocrx_word' id='word_1_130' title='bbox 429 2597 569 2686; x_wconf 87' lang='lat' dir='ltr'>aliisque</span> <span class='ocrx_word' id='word_1_131' title='bbox 596 2597 748 2687; x_wconf 88' lang='lat' dir='ltr'>patribus</span> <span class='ocrx_word' id='word_1_132' title='bbox 776 2596 933 2680; x_wconf 89' lang='lat' dir='ltr'>docetur,</span> <span class='ocrx_word' id='word_1_133' title='bbox 959 2595 1065 2664; x_wconf 91' lang='lat' dir='ltr'>fidem</span> <span class='ocrx_word' id='word_1_134' title='bbox 1083 2595 1180 2671; x_wconf 75' lang='lat' dir='ltr'>¹chri-</span> 
     </span>
     <span class='ocr_line' id='line_1_21' title="bbox 174 2700 1180 2794; baseline -0.002 -27"><span class='ocrx_word' id='word_1_135' title='bbox 174 2701 314 2767; x_wconf 85' lang='lat' dir='ltr'>stianam</span> <span class='ocrx_word' id='word_1_136' title='bbox 344 2703 426 2794; x_wconf 88' lang='lat' dir='ltr'>ipsis</span> <span class='ocrx_word' id='word_1_137' title='bbox 453 2702 749 2792; x_wconf 39' lang='lat' dir='ltr'>persecutionibus,</span> <span class='ocrx_word' id='word_1_138' title='bbox 772 2700 876 2768; x_wconf 84' lang='lat' dir='ltr'>luisse</span> <span class='ocrx_word' id='word_1_139' title='bbox 898 2709 1048 2784; x_wconf 87' lang='lat' dir='ltr'>auctam,</span> <span class='ocrx_word' id='word_1_140' title='bbox 1077 2709 1111 2766; x_wconf 91' lang='lat' dir='ltr'>et</span> <span class='ocrx_word' id='word_1_141' title='bbox 1137 2721 1180 2765; x_wconf 88' lang='lat' dir='ltr'>ex</span> 
     </span>
     <span class='ocr_line' id='line_1_22' title="bbox 172 2804 1179 2896; baseline -0.002 -25"><span class='ocrx_word' id='word_1_142' title='bbox 172 2816 359 2894; x_wconf 83' lang='lat' dir='ltr'>martyrum</span> <span class='ocrx_word' id='word_1_143' title='bbox 394 2805 557 2896; x_wconf 81' lang='lat' dir='ltr'>sanguine</span> <span class='ocrx_word' id='word_1_144' title='bbox 593 2806 806 2873; x_wconf 85' lang='lat' dir='ltr'>laetissimam</span> <span class='ocrx_word' id='word_1_145' title='bbox 834 2804 997 2870; x_wconf 88' lang='lat' dir='ltr'>ecclesiae</span> <span class='ocrx_word' id='word_1_146' title='bbox 1029 2825 1179 2896; x_wconf 85' lang='lat' dir='ltr'>proger-</span> 
     </span>
     <span class='ocr_line' id='line_1_23' title="bbox 171 2907 1179 3000; baseline -0.002 -26"><span class='ocrx_word' id='word_1_147' title='bbox 171 2908 315 2976; x_wconf 86' lang='lat' dir='ltr'>minasse</span> <span class='ocrx_word' id='word_1_148' title='bbox 348 2919 509 3000; x_wconf 84' lang='lat' dir='ltr'>segetem.</span> <span class='ocrx_word' id='word_1_149' title='bbox 562 2910 652 2976; x_wconf 87' lang='lat' dir='ltr'>Inter</span> <span class='ocrx_word' id='word_1_150' title='bbox 687 2911 779 2999; x_wconf 86' lang='lat' dir='ltr'>ipsas</span> <span class='ocrx_word' id='word_1_151' title='bbox 813 2907 1004 2974; x_wconf 85' lang='lat' dir='ltr'>vexationes</span> <span class='ocrx_word' id='word_1_152' title='bbox 1032 2931 1072 2973; x_wconf 90' lang='lat' dir='ltr'>ae</span> <span class='ocrx_word' id='word_1_153' title='bbox 1106 2916 1179 2972; x_wconf 93' lang='lat' dir='ltr'>tur-</span> 
     </span>
     <span class='ocr_line' id='line_1_24' title="bbox 171 3010 1179 3105; baseline -0.002 -27"><span class='ocrx_word' id='word_1_154' title='bbox 171 3011 323 3079; x_wconf 88' lang='lat' dir='ltr'>bationes</span> <span class='ocrx_word' id='word_1_155' title='bbox 352 3012 464 3080; x_wconf 89' lang='lat' dir='ltr'>divina</span> <span class='ocrx_word' id='word_1_156' title='bbox 496 3015 667 3105; x_wconf 86' lang='lat' dir='ltr'>religionis</span> <span class='ocrx_word' id='word_1_157' title='bbox 705 3012 776 3078; x_wconf 90' lang='lat' dir='ltr'>chr.</span> <span class='ocrx_word' id='word_1_158' title='bbox 804 3012 873 3091; x_wconf 82' lang='lat' dir='ltr'>vis,</span> <span class='ocrx_word' id='word_1_159' title='bbox 908 3020 942 3078; x_wconf 90' lang='lat' dir='ltr'>et</span> <span class='ocrx_word' id='word_1_160' title='bbox 966 3010 1179 3078; x_wconf 88' lang='lat' dir='ltr'>Christiano-</span> 
     </span>
     <span class='ocr_line' id='line_1_25' title="bbox 171 3114 1177 3208; baseline -0.002 -26"><span class='ocrx_word' id='word_1_161' title='bbox 171 3138 246 3183; x_wconf 90' lang='lat' dir='ltr'>rum</span> <span class='ocrx_word' id='word_1_162' title='bbox 272 3117 460 3208; x_wconf 89' lang='lat' dir='ltr'>intrepidus</span> <span class='ocrx_word' id='word_1_163' title='bbox 482 3141 556 3184; x_wconf 90' lang='lat' dir='ltr'>sese</span> <span class='ocrx_word' id='word_1_164' title='bbox 577 3115 799 3184; x_wconf 84' lang='lat' dir='ltr'>manifestavit</span> <span class='ocrx_word' id='word_1_165' title='bbox 822 3114 973 3186; x_wconf 81' lang='lat' dir='ltr'>animus.¹</span> <span class='ocrx_word' id='word_1_166' title='bbox 1016 3114 1177 3182; x_wconf 89' lang='lat' dir='ltr'>Ceterum</span> 
     </span>
    </p>
   </div>
   <div class='ocr_carea' id='block_1_8' title="bbox 72 3220 1180 3314">
    <p class='ocr_par' dir='ltr' id='par_1_8' title="bbox 72 3220 1180 3314">
     <span class='ocr_line' id='line_1_26' title="bbox 72 3220 1180 3314; baseline -0.005 -25"><span class='ocrx_word' id='word_1_167' title='bbox 72 3298 74 3302; x_wconf 11' lang='grc' dir='ltr'><em>Α</em></span> <span class='ocrx_word' id='word_1_168' title='bbox 171 3220 391 3293; x_wconf 85' lang='lat' dir='ltr'>nullomodo</span> <span class='ocrx_word' id='word_1_169' title='bbox 415 3222 536 3314; x_wconf 74' lang='lat' dir='ltr'>negari</span> <span class='ocrx_word' id='word_1_170' title='bbox 561 3229 693 3312; x_wconf 79' lang='lat' dir='ltr'>potest,</span> <span class='ocrx_word' id='word_1_171' title='bbox 722 3220 765 3286; x_wconf 89' lang='lat' dir='ltr'>de</span> <span class='ocrx_word' id='word_1_172' title='bbox 792 3220 967 3309; x_wconf 73' lang='lat' dir='ltr'>martyrio</span> <span class='ocrx_word' id='word_1_173' title='bbox 993 3241 1063 3286; x_wconf 91' lang='lat' dir='ltr'>non</span> <span class='ocrx_word' id='word_1_174' title='bbox 1087 3240 1180 3286; x_wconf 91' lang='lat' dir='ltr'>sem-</span> 
     </span>
    </p>
   </div>
   <div class='ocr_carea' id='block_1_9' title="bbox 168 3320 1205 3809">
    <p class='ocr_par' dir='ltr' id='par_1_9' title="bbox 168 3320 1205 3809">
     <span class='ocr_line' id='line_1_27' title="bbox 170 3320 1179 3419; baseline -0.006 -27"><span class='ocrx_word' id='word_1_175' title='bbox 170 3320 236 3419; x_wconf 84' lang='lat' dir='ltr'>per</span> <span class='ocrx_word' id='word_1_176' title='bbox 255 3346 374 3392; x_wconf 85' lang='lat' dir='ltr'>verum</span> <span class='ocrx_word' id='word_1_177' title='bbox 398 3347 440 3392; x_wconf 84' lang='lat' dir='ltr'>ao</span> <span class='ocrx_word' id='word_1_178' title='bbox 459 3325 592 3416; x_wconf 86' lang='lat' dir='ltr'>justum</span> <span class='ocrx_word' id='word_1_179' title='bbox 609 3325 780 3416; x_wconf 84' lang='lat' dir='ltr'>prolatum</span> <span class='ocrx_word' id='word_1_180' title='bbox 804 3348 876 3392; x_wconf 85' lang='lat' dir='ltr'>esse</span> <span class='ocrx_word' id='word_1_181' title='bbox 890 3322 1069 3414; x_wconf 84' lang='lat' dir='ltr'>judicium,</span> <span class='ocrx_word' id='word_1_182' title='bbox 1097 3321 1179 3387; x_wconf 84' lang='lat' dir='ltr'>‹lum</span> 
     </span>
     <span class='ocr_line' id='line_1_28' title="bbox 170 3424 1205 3519; baseline -0.006 -22"><span class='ocrx_word' id='word_1_183' title='bbox 170 3429 225 3497; x_wconf 83' lang='lat' dir='ltr'>ulii</span> <span class='ocrx_word' id='word_1_184' title='bbox 251 3428 389 3497; x_wconf 90' lang='lat' dir='ltr'>nimium</span> <span class='ocrx_word' id='word_1_185' title='bbox 406 3430 436 3496; x_wconf 95' lang='lat' dir='ltr'>ei</span> <span class='ocrx_word' id='word_1_186' title='bbox 463 3430 649 3496; x_wconf 74' lang='lat' dir='ltr'>tribuerent</span> <span class='ocrx_word' id='word_1_187' title='bbox 662 3430 831 3519; x_wconf 83' lang='lat' dir='ltr'>pretrum</span> <span class='ocrx_word' id='word_1_188' title='bbox 859 3427 913 3499; x_wconf 89' lang='lat' dir='ltr'>alii</span> <span class='ocrx_word' id='word_1_189' title='bbox 937 3435 1067 3513; x_wconf 88' lang='lat' dir='ltr'>contra,</span> <span class='ocrx_word' id='word_1_190' title='bbox 1082 3424 1178 3514; x_wconf 89' lang='lat' dir='ltr'>quod</span> <span class='ocrx_word' id='word_1_191' title='bbox 1202 3463 1205 3467; x_wconf 93' lang='lat'><em>·</em></span> 
     </span>
     <span class='ocr_line' id='line_1_29' title="bbox 169 3530 1176 3653; baseline -0.005 -53"><span class='ocrx_word' id='word_1_192' title='bbox 169 3531 292 3601; x_wconf 88' lang='lat' dir='ltr'>iterum</span> <span class='ocrx_word' id='word_1_193' title='bbox 314 3533 436 3601; x_wconf 88' lang='lat' dir='ltr'>nostris</span> <span class='ocrx_word' id='word_1_194' title='bbox 456 3534 667 3653; x_wconf 88' lang='lat' dir='ltr'>temporibus</span> <span class='ocrx_word' id='word_1_195' title='bbox 693 3532 860 3601; x_wconf 90' lang='lat' dir='ltr'>interdum</span> <span class='ocrx_word' id='word_1_196' title='bbox 886 3530 1033 3619; x_wconf 84' lang='lat' dir='ltr'>lactum,</span> <span class='ocrx_word' id='word_1_197' title='bbox 1068 3530 1176 3619; x_wconf 90' lang='lat' dir='ltr'>impio</span> 
     </span>
     <span class='ocr_line' id='line_1_30' title="bbox 170 3619 1178 3728; baseline -0.002 -25"><span class='ocrx_word' id='word_1_198' title='bbox 170 3635 245 3703; x_wconf 82' lang='lat' dir='ltr'>fere</span> <span class='ocrx_word' id='word_1_199' title='bbox 271 3644 306 3704; x_wconf 92' lang='lat' dir='ltr'>et</span> <span class='ocrx_word' id='word_1_200' title='bbox 328 3619 451 3705; x_wconf 86' lang='lat' dir='ltr'>frivolo</span> <span class='ocrx_word' id='word_1_201' title='bbox 479 3637 590 3706; x_wconf 88' lang='lat' dir='ltr'>animo</span> <span class='ocrx_word' id='word_1_202' title='bbox 617 3636 663 3705; x_wconf 85' lang='lat' dir='ltr'>ad</span> <span class='ocrx_word' id='word_1_203' title='bbox 683 3646 919 3728; x_wconf 89' lang='lat' dir='ltr'>contemptum</span> <span class='ocrx_word' id='word_1_204' title='bbox 945 3643 979 3702; x_wconf 91' lang='lat' dir='ltr'>et</span> <span class='ocrx_word' id='word_1_205' title='bbox 998 3642 1178 3701; x_wconf 88' lang='lat' dir='ltr'>contume-</span> 
     </span>
     <span class='ocr_line' id='line_1_31' title="bbox 168 3736 687 3809; baseline -0.004 0"><span class='ocrx_word' id='word_1_206' title='bbox 168 3739 249 3809; x_wconf 82' lang='lat' dir='ltr'>liam</span> <span class='ocrx_word' id='word_1_207' title='bbox 274 3740 357 3808; x_wconf 87' lang='lat' dir='ltr'>illud</span> <span class='ocrx_word' id='word_1_208' title='bbox 386 3742 568 3809; x_wconf 89' lang='lat' dir='ltr'>traherent.</span> <span class='ocrx_word' id='word_1_209' title='bbox 684 3736 687 3741; x_wconf 71' lang='grc'><strong>’</strong></span> 
     </span>
    </p>
   </div>
   <div class='ocr_carea' id='block_1_10' title="bbox 160 3892 1178 4162">
    <p class='ocr_par' dir='ltr' id='par_1_10' title="bbox 160 3892 1178 4160">
     <span class='ocr_line' id='line_1_32' title="bbox 210 3892 1178 3992; baseline -0.007 -23"><span class='ocrx_word' id='word_1_210' title='bbox 210 3909 254 3969; x_wconf 88' lang='lat' dir='ltr'>De</span> <span class='ocrx_word' id='word_1_211' title='bbox 275 3911 524 3992; x_wconf 79' lang='lat' dir='ltr'>refragatoribus</span> <span class='ocrx_word' id='word_1_212' title='bbox 538 3913 679 3992; x_wconf 75' lang='lat' dir='ltr'>martyrio</span> <span class='ocrx_word' id='word_1_213' title='bbox 674 3909 826 3986; x_wconf 87' lang='lat' dir='ltr'>loquitur</span> <span class='ocrx_word' id='word_1_214' title='bbox 838 3892 1043 3966; x_wconf 69' lang='lat' dir='ltr'>Tertullianus</span> <span class='ocrx_word' id='word_1_215' title='bbox 1059 3903 1146 3984; x_wconf 84' lang='lat' dir='ltr'>(Scor</span> <span class='ocrx_word' id='word_1_216' title='bbox 1148 3925 1178 3984; x_wconf 90' lang='lat' dir='ltr'>p.</span> 
     </span>
     <span class='ocr_line' id='line_1_33' title="bbox 160 3991 1175 4076; baseline -0.011 -16"><span class='ocrx_word' id='word_1_217' title='bbox 160 4054 165 4067; x_wconf 59' lang='lat'>.</span> <span class='ocrx_word' id='word_1_218' title='bbox 254 3994 354 4076; x_wconf 71' lang='lat' dir='ltr'>cl-‚l</span> <span class='ocrx_word' id='word_1_219' title='bbox 377 4008 408 4056; x_wconf 86' lang='lat' dir='ltr'>et</span> <span class='ocrx_word' id='word_1_220' title='bbox 429 3998 504 4069; x_wconf 87' lang='lat' dir='ltr'>tales</span> <span class='ocrx_word' id='word_1_221' title='bbox 526 3999 641 4073; x_wconf 85' lang='lat' dir='ltr'>Celsus,</span> <span class='ocrx_word' id='word_1_222' title='bbox 662 3996 831 4070; x_wconf 68' lang='lat' dir='ltr'>Lucienus,</span> <span class='ocrx_word' id='word_1_223' title='bbox 856 3993 1043 4074; x_wconf 86' lang='lat' dir='ltr'>Porphyrius</span> <span class='ocrx_word' id='word_1_224' title='bbox 1065 3991 1175 4070; x_wconf 86' lang='lat' dir='ltr'>aliique</span> 
     </span>
     <span class='ocr_line' id='line_1_34' title="bbox 169 4081 908 4162; baseline -0.003 -19"><span class='ocrx_word' id='word_1_225' title='bbox 169 4096 172 4105; x_wconf 90' lang='lat'>&#39;</span> <span class='ocrx_word' id='word_1_226' title='bbox 254 4081 360 4162; x_wconf 85' lang='lat' dir='ltr'>multi,</span> <span class='ocrx_word' id='word_1_227' title='bbox 381 4084 473 4144; x_wconf 80' lang='lat' dir='ltr'>etiam</span> <span class='ocrx_word' id='word_1_228' title='bbox 494 4084 608 4144; x_wconf 87' lang='lat' dir='ltr'>nostris</span> <span class='ocrx_word' id='word_1_229' title='bbox 631 4082 753 4160; x_wconf 62' lang='lat' dir='ltr'>uotam,</span> <span class='ocrx_word' id='word_1_230' title='bbox 773 4082 908 4142; x_wconf 80' lang='lat' dir='ltr'>luerunt.</span> 
     </span>
    </p>
   </div>
   <div class='ocr_carea' id='block_1_11' title="bbox 0 0 1290 4732">
    <p class='ocr_par' dir='ltr' id='par_1_11' title="bbox 0 0 1290 4732">
     <span class='ocr_line' id='line_1_35' title="bbox 0 0 1290 4732; baseline 0 1"><span class='ocrx_word' id='word_1_231' title='bbox 0 0 1290 4732; x_wconf 95' lang='lat' dir='ltr'> </span> 
     </span>
    </p>
   </div>
  </div>
 </body>
</html>
