2572 4732
141 455 218 528 180
279 456 363 530 Part
374 451 435 528 111.
461 450 625 530 Historia
634 449 758 527 entes.
774 458 902 525 recent.
917 450 1010 525 aeti.

560 701 598 807 ς.
626 705 711 779 ma

176 904 179 910 ’
240 882 281 951 In
308 880 375 951 hac
406 889 521 951 tamen
545 878 687 974 purioris
714 869 905 950 Calvinismi
931 874 1014 948 sede
1040 874 1146 972 panio

138 994 220 1080 post
246 986 348 1077 (inde
374 985 418 1054 ab
445 1008 475 1052 a.
501 977 627 1077 1604)
662 983 887 1052 controversia
914 991 987 1052 orta
1014 990 1066 1051 est
1090 985 1144 1050 in-

137 1100 190 1158 ter
207 1087 384 1159 Jacobum
403 1087 605 1157 Arminium
631 1096 665 1155 et
684 1085 916 1156 Franciscum
937 1085 1144 1154 Gomarum

139 1192 184 1262 de
208 1192 512 1285 praedestinatione
539 1191 721 1282 et'gratia,
747 1206 814 1280 qua
839 1191 993 1258 universa
1012 1189 1142 1258 Refor-

138 1306 307 1364 matorum
334 1295 477 1363 ecclesia
509 1303 678 1363 commota
712 1304 747 1362 et
781 1295 880 1362 scissa
910 1301 971 1366 est.
1026 1291 1142 1382 Syrio

138 1401 207 1468 dua
235 1397 496 1482 Herdoneam,
528 1419 558 1471 a.
588 1396 845 1464 lom-1619
870 1398 973 1465 instar
999 1395 1144 1464 Concilii

137 1501 303 1595 generalis
330 1502 480 1570 omnium
504 1503 760 1570 reformaturum
783 1494 999 1569 ecclesiarum
1023 1499 1142 1589 (quod

137 1605 233 1673 multi
264 1604 454 1696 negarunt)
495 1614 704 1697 congregata
736 1611 771 1672 ei
801 1598 897 1696 plus,
944 1623 1047 1693 quam
1080 1627 1143 1694 par

11 1728 15 1736 “
137 1717 228 1792 erat,
269 1709 465 1776 auctoritate
499 1709 665 1787 saeculari¹
692 1717 934 1800 praegravata,
970 1706 1142 1774 damnavit

135 1811 384 1896 Ammianus,
417 1810 475 1898 qui
508 1833 528 1877 a
564 1811 783 1879 Confessione
814 1833 842 1879 s.
868 1810 1141 1878 Remonstrantia

136 1936 259 1983 nomen
278 1914 604 1988 Remnnstruntium
629 1923 752 2007 gerunt
782 1922 816 1981 et
843 1937 988 2003 quorum
1015 1914 1140 1980 antesi-

135 2040 264 2110 gnanus
291 2015 378 2085 Sim.
406 2015 638 2108 Epimnpinn,
672 2039 799 2111 eosque
831 2018 923 2085 omni
941 2016 1022 2110 jure
1048 2016 1140 2108 poli-

134 2121 203 2188 tico
230 2129 264 2189 et
288 2120 459 2213 religionis
491 2121 649 2188 exercitio
683 2119 836 2212 privavit.
887 2118 1067 2212 Ejusmodi
1094 2120 1139 2187 ri-

105 2235 201 2316 'gor
241 2223 337 2315 apud
376 2232 508 2292 exteros
546 2223 646 2292 valde
668 2224 875 2314 displicuit,
916 2233 951 2291 et
982 2223 1139 2293 Canones

134 2326 364 2414 Dordraceni,
399 2316 535 2418 praeter
559 2326 797 2417 Hollandiam,
831 2326 890 2395 ubi
910 2325 997 2419 legis
1023 2316 1139 2418 publi-

93 2432 103 2444 '
135 2453 195 2498 cae
227 2431 296 2498 vim
326 2427 473 2516 habent,
513 2452 577 2498 neo
608 2430 765 2521 plausum
806 2453 870 2498 nee
908 2431 1139 2498 auctoritatem

133 2533 358 2603 obtinuerunt.
399 2530 527 2600 Mirum
553 2525 683 2619 tamen,
712 2525 888 2602 eeclesiam
908 2534 1138 2619 reformatam,

133 2639 284 2725 quamvis
312 2643 400 2703 statu
429 2635 571 2728 politico
599 2646 727 2704 mutato
762 2639 911 2704 onmium
936 2639 1138 2728 religionum

99 2818 100 2821 Ἴ
133 2747 167 2807 et
193 2739 441 2807 confessionum
463 2741 669 2808 exercitium
675 2749 712 2807 et
739 2741 847 2808 cultus
873 2743 1142 2833 permitteretur,¹

133 2842 258 2911 nullam
284 2840 485 2911 libertatem
495 2842 747 2969 theologicum
770 2844 960 2912 oonuedere
981 2844 1136 2915 voluisse.

175 3014 258 3072 Po.
278 3014 388 3071 Βειιίἰ
403 3010 441 3072 de
463 3010 527 3072 vita
547 3021 579 3071 el
600 3011 686 3073 obitu
706 3011 842 3072 Arminii.
866 3015 958 3078 1609.
981 3011 1015 3079 4·

179 3098 271 3177 Cnop.
293 3095 408 3157 Brund
426 3095 497 3159 hiat.
519 3098 600 3157 vitae
620 3099 682 3163 lac
702 3098 839 3160 Arminii.
864 3096 955 3162 1724.
978 3097 1012 3162 4·

174 3185 200 3244 J.
221 3180 364 3242 Arminii
382 3177 483 3264 ¹Opera
502 3178 596 3246 iheoi.
619 3183 676 3244 Eu.
697 3179 791 3264 Lligd
815 3186 907 3248 1629.
929 3183 985 3245 Ed.
1000 3180 1136 3244 hancei

171 3267 479 3435 mizlgiiuicopii
449 3353 528 3429 vita,
559 3276 685 3414 auctori
706 3348 881 3414 Curcellueo
906 3348 1051 3434 (1678),
1077 3350 1134 3412 Ph.

157 3470 161 3474 ·
213 3459 237 3497 a
256 3439 424 3498 Limborclr
451 3437 567 3521 (1701.
589 3439 832 3522 ed.2.1709),
862 3441 891 3500 J.
914 3438 1134 3518 ΚοιιγιιιιιΙιιιις

170 3519 458 3686 -UPUScnpta
472 3603 567 3674 theol
590 3606 681 3674 1650
695 3606 717 3670 i.
739 3608 795 3675 ad.
810 3600 886 3686 Hag.
909 3606 1003 3672 1678.
1026 3562 1133 3670 T..lll.

171 3725 215 3739 -
255 3725 299 3739 -
341 3695 549 3754 confession
581 3693 745 3755 declaratio
774 3693 937 3753 sententiae
966 3694 1133 3764 Pastorum,

214 3779 318 3855 qui2in
338 3779 450 3847 foedet.
471 3779 571 3858 Belgio
589 3781 836 3845 Remoustranteo
856 3788 1023 3853 vocantur,
1047 3795 1132 3858 super

198 3863 379 3945 ,praecipuis
401 3866 486 3927 artie.
507 3866 562 3933 rel.
585 3865 649 3926 chr.
672 3858 767 3938 1621.
797 3863 898 3946 (Opp.
921 3866 955 3924 Τ.
977 3863 1016 3926 ΙΙ.
1045 3864 1079 3924 Ρ.
1098 3861 1130 3922 11.

212 3966 242 4028 r·
265 3953 307 4017 ⁶9
328 3951 421 4028 sent

170 4060 214 4079 -
257 4057 296 4081 ··—
339 4035 485 4118 Apologia
505 4055 563 4120 pro
586 4034 775 4099 consesuone
796 4042 854 4097 etc.
877 4034 970 4101 1627.
990 4028 1107 4113 (ibid.)
