2572 4732
109 490 114 536 ς
144 458 242 530 116.
282 460 365 529 Pars
387 458 431 527 ll.
467 456 630 528 Historia
653 459 776 529 eccles.
796 459 909 529 medii
930 463 1022 532 aeui.

186 641 344 727 (Yvoneti)
366 645 528 704 Tractatus
549 644 587 704 de
608 644 724 704 haeresi
742 645 913 725 Pauperum
934 646 972 705 de
986 646 1146 727 Lugduu03

229 751 259 790 v.
280 732 418 790 Martene
439 729 582 790 Thesaur.
603 730 756 793 Anecdot.
773 731 808 790 T.
832 731 869 796 V.

186 818 321 892 Rayner.
352 816 487 875 Saelzoni
516 819 637 875 Summa
659 817 697 875 de
719 814 856 875 Cuthoris
884 825 916 875 et
936 817 1098 896 Leonistis3
1116 818 1144 876 in

228 903 366 961 Martene
389 900 479 967 Thes.
503 901 617 968 Anecd.
637 902 671 962 T.
695 902 730 962 V.
754 904 836 961 etin
857 902 935 970 Bibl,
949 904 982 970 Ρ.
997 904 1030 969 P.
1048 903 1145 968 Maxi-

229 1007 277 1045 ma
303 988 338 1052 Τ,
360 988 457 1051 XXV.
1145 1019 1148 1022 ·

187 1072 337 1132 Confessio
360 1071 576 1137 waldensium.
597 1071 686 1131 Basil.
709 1072 802 1137 1568.
825 1074 855 1136 8.

568 1292 606 1394 ς.
633 1295 721 1365 12⁰.

195 1481 197 1485 '
245 1469 380 1539 Eodem
405 1478 579 1562 tempore,
612 1492 681 1560 qno
707 1468 923 1558 inquisitione
936 1518 940 1523 -
955 1467 1143 1556 liaereticae

142 1575 314 1667 pravitatis
334 1598 449 1671 omnes
476 1574 574 1643 Sedis
599 1574 776 1641 Romanae
804 1573 987 1641 adversarii
1011 1574 1047 1641 in
1072 1597 1143 1642 me-

142 1677 358 1745 ridionalihus
376 1688 409 1746 et
428 1677 690 1746 occidentalibus
709 1678 871 1769 Europae
891 1677 1044 1768 partibus
1071 1668 1145 1745 sunt

142 1782 252 1849 vexati
286 1791 388 1887 atque
421 1781 599 1874 oppressi,
639 1782 674 1848 in
705 1780 878 1849 Britannia
906 1803 996 1848 nova
1031 1789 1145 1849 exorta

143 1893 194 1951 est
219 1884 339 1971 Secta,
376 1907 463 1973 quae
495 1906 620 1952 novum
646 1886 680 1951 in
708 1885 851 1957 ecclesia
885 1892 1009 1953 statum
1043 1894 1143 1974 atque

142 1986 297 2054 ordinem
326 1987 549 2055 *introducere
586 1988 733 2055 tentavit.
792 1989 921 2056 Auctor
961 1987 1144 2056 Joluanneu

149 2089 317 2182 Wclesus
343 2090 454 2180 (John
479 2090 668 2181 winilis),
701 2091 901 2182 Theologus
932 2090 1142 2178 Oxoniensis‚

141 2194 192 2261 vir'
217 2193 335 2261 doetus
364 2202 398 2260 et
421 2196 513 2287 pius,
539 2195 746 2286 impudentia
771 2193 1024 2265 Monachorum
1047 2218 1141 2276 men-

22 2345 26 2358 ,
141 2297 323 2364 dicentium
347 2306 381 2364 et
405 2297 615 2389 Legatorum
636 2298 887 2376 Pontificiorum
913 2298 959 2364 ad
983 2298 1161 2390 indigna--

140 2399 265 2468 tionem
301 2402 477 2487 excitatus,
506 2402 712 2479 sermonibus
740 2409 774 2468 et
798 2402 992 2470 tractatibus
1010 2403 1141 2471 ‘abusus

74 2492 77 2504 ¹
141 2505 381 2572 ecclesiasticos
421 2505 621 2573 doctrinales
654 2514 689 2572 et
725 2505 858 2572 rituales
891 2514 985 2573 tanto
1019 2506 1141 2574 ardore

140 2615 176 2673 et
201 2629 353 2674 successu
376 2607 602 2699 impugnavit,
624 2617 662 2676 ut
686 2609 809 2676 multos
835 2609 870 2676 in
891 2609 1033 2702 populo,
1049 2605 1141 2679 cler'o

108 2762 113 2769 ι
140 2718 175 2777 et
201 2709 447 2800 magistratibus
469 2712 503 2776 in
528 2720 644 2801 partes
670 2734 744 2779 suas
761 2711 920 2780 traheret.
972 2713 1140 2805 Instigan-

139 2813 226 2880 tibus
258 2821 379 2881 autem·
397 2813 567 2905 Gregorio
593 2815 652 2887 Xl.
681 2824 715 2882 et
734 2814 876 2883 Urbano
896 2815 954 2884 Vl.
981 2815 1139 2905 Synodns

138 2915 360 3010 Lon'dinensis
381 2926 414 2984 et
433 2905 632 2986 Oxoniensis
647 2941 677 2986 a.
702 2917 802 2985 1382
824 2917 1026 2987 Wiclefiana
1048 2919 1140 3012 dog-

138 3028 230 3086 mata
259 3020 321 3088 sub
357 3019 536 3089 anathema
563 3023 714 3106 vocavit,
748 3044 893 3110 eumque
919 3022 952 3089 in
970 3024 1139 3092 nonnullis

138 3122 373 3191 assertionibus
400 3124 444 3191 ad
467 3115 737 3193 retractationem
765 3134 799 3192 et
823 3126 1030 3215 palinodiam
1056 3126 1139 3196 arlo-

137 3224 197 3317 git.
248 3226 348 3293 Hanc
368 3227 414 3294 ob
441 3251 596 3316 causam,
623 3237 657 3295 et
682 3228 760 3316 quia
786 3228 912 3320 Reges
938 3229 1145 3313 Eduardom

137 3329 179 3396 ll.
209 3337 243 3396 et
269 3329 482 3417 Richardum
508 3331 551 3403 ll.
582 3340 626 3399 et.
642 3330 833 3423 Optimates
860 3333 894 3399 in
919 3333 1047 3424 Anglia
1074 3333 1139 3401 ha·

136 3431 209 3500 buit
234 3431 431 3502 defensores
458 3441 493 3501 et
517 3444 690 3525 patronos,
717 3430 826 3525 nsque'
851 3434 896 3503 ad
922 3436 1027 3508 linem
1050 3438 1139 3506 vitae

137 3534 191 3624 (a.
220 3533 346 3626 1384)
380 3537 414 3602 in
447 3561 545 3628 pace
569 3538 668 3620 vixit3
701 3538 763 3607 sed
796 3562 828 3610 a.
859 3536 971 3626 1428,
990 3539 1158 3630 jubente¹

57 3680 60 3686 ,
134 3636 284 3706 Martino
310 3638 353 3722 V,
380 3662 456 3707 ossa
482 3639 556 3732 ejus
577 3643 719 3710 flammis
745 3641 887 3730 tradita,
911 3640 1136 3733 ejusquess-
1165 3704 1167 3708 ,

136 3742 265 3828 seclae,
306 3764 450 3831 quornm
480 3745 603 3814 multos
636 3744 753 3812 habuit
787 3745 911 3834 quique
944 3744 979 3812 in
1010 3747 1137 3840 Anglia

134 3843 241 3911 minus
266 3854 359 3913 recte
387 3845 581 3917 Lolllrarcli
608 3848 834 3931 vocabantur,
857 3871 1013 3939 carcere,
1038 3851 1136 3919 exilio

134 3953 170 4013 ct
186 3948 513 4040 'supplicioadfecti
566 3952 745 4020 Tractatus
760 3951 873 4038 multi,
898 3974 983 4040 quos
1005 3953 1135 4023 Wrclc·

133 4047 188 4120 fus
221 4059 339 4120 contra
363 4053 489 4124 abusus
520 4062 554 4125 et
573 4055 826 4149 superstitiones
856 4056 1007 4148 scripsit,
1032 4056 1134 4127 lande
