2572 4732
230 428 324 521 ‘res
338 444 400 518 nn
424 443 463 519 A
479 443 601 540 Grcg.
614 443 671 518 Μ
684 446 830 541 ειη..αά
850 445 973 520 caru
987 448 1043 525 Μ.
1093 448 1157 523 ΒΡ

559 731 648 806 Gur.
675 732 720 804 ΙΙ.

277 886 340 960 De
363 893 461 960 notu
487 894 523 957 et
544 863 724 983 regimine
749 887 998 968 ecclesiastico.

578 1134 722 1241 su
849 1243 854 1249 ,

215 1312 426 1386 Gravissima
446 1313 549 1409 hujus
570 1315 733 1408 temporis
760 1324 931 1386 causaest
955 1317 1142 1392 tristissima

134 1418 195 1489 illu
223 1420 311 1488 inter
334 1418 528 1512 Episcopos
562 1419 736 1488 Romanos
763 1430 797 1488 et
830 1419 1142 1518 Constantinopoli-

135 1532 233 1593 truos
255 1523 301 1592 de
320 1524 467 1615 primatu
493 1532 610 1591 exorta
624 1524 803 1591 contentio.
856 1523 972 1608 Quum
993 1527 1141 1619 Episco-

134 1650 202 1722 pus
230 1625 403 1696 Constant.
431 1626 617 1695 Johanses
637 1623 828 1718 er'unator
849 1649 879 1693 a.
896 1626 979 1696 *581
1000 1632 1141 1722 publica

135 1730 317 1799 occasione
344 1730 474 1799 titolum
500 1728 746 1799 Putriarchae
773 1732 986 1800 oecumenici
1021 1758 1047 1805 s.
1073 1758 1140 1827 ge-

135 1834 260 1903 neralis
286 1833 394 1901 Patris
428 1835 463 1902 in
487 1831 615 1902 mundo
641 1834 705 1901 sibi
732 1832 949 1922 vindicasset,
981 1836 1140 1907 Pontifex

135 1934 604 2030 nomanus‚·1³elagtu211.
629 1937 767 2030 publice
792 1937 882 2005 hanc
911 1943 1139 2032 arrogantiam

133 2041 272 2141 bravii.
322 2037 421 2109 Idem
446 2040 528 2108 fecit
554 2039 626 2132 ejus
653 2063 828 2128 successor
854 2039 1059 2134 Gregorius
1074 2045 1138 2133 M,

134 2145 195 2235 qui
220 2167 290 2214 nou
304 2143 409 2212 modo
423 2144 569 2212 eundem
585 2144 729 2229 titulum,
750 2144 795 2212 ab
807 2142 1017 2235 Imperatore
1033 2145 1140 2216 Mau·
1195 2212 1199 2216 .

133 2248 211 2318 ritio
235 2248 405 2335 oblatum,
442 2246 644 2339 deprecatus
671 2255 739 2333 est,
775 2244 836 2314 sed
872 2270 909 2316 se
933 2248 967 2314 in
993 2249 1138 2342 simplici

132 2351 233 2421 titulo
260 2349 392 2443 Papae
417 2359 451 2418 et
477 2348 581 2419 Serui
605 2369 788 2418 sevorum
813 2346 887 2417 Dei
911 2352 1138 2442 acquiescere,

133 2454 344 2525 declaravitt.
371 2476 459 2543 quae
484 2452 669 2548 modestia,
702 2460 814 2522 utrum
839 2453 987 2540 siccem,
1020 2479 1063 2523 an
1090 2458 1137 2525 si-

132 2559 269 2629 mulata·
283 2557 402 2645 fuerit,
428 2556 568 2626 dubium
595 2566 654 2625 est.
707 2556 786 2624 Hoc
811 2565 958 2639 certum,
986 2556 1138 2650 Episco-
1168 2544 1171 2559 ¹

132 2684 200 2757 pos
213 2661 388 2730 Romams
406 2661 535 2729 nullom
552 2660 655 2728 ulium
676 2658 809 2728 titulum
829 2681 951 2752 gerere
971 2662 1137 2746 voluisse3

133 2788 203 2834 uon
239 2765 381 2835 multum
406 2764 507 2857 igitur
531 2764 655 2851 refert,
681 2770 782 2848 num,
815 2785 902 2853 quae
926 2762 971 2832 de
991 2764 1136 2836 decreto

133 2867 284 2945 macae
308 2891 338 2936 a
362 2864 440 2935 too
458 2866 761 2959 traduntur,'vera
788 2867 873 2955 siut,
899 2889 942 2935 an
965 2867 1062 2936 falsa.
1186 2953 1190 2961 ι

178 3046 251 3109 cnr.
273 3047 319 3109 Μ.
337 3045 437 3126 Pfaff
450 3043 488 3104 de
516 3044 607 3104 titulo
627 3040 820 3103 Putriarchae
841 3042 1023 3102 oecumenici
1043 3063 1134 3124 pomo

218 3131 311 3192 en'dis
331 3131 411 3190 inter
433 3131 578 3189 Graecam
600 3137 632 3186 et
651 3129 749 3189 Latin.
771 3129 843 3193 eccl.
868 3128 960 3195 1735.
981 3128 1013 3193 4.

175 3218 325 3299 Ziegler’s
344 3213 451 3276 Gesch.
480 3216 535 3275 der
563 3212 670 3274 kirchl.
700 3214 1018 3293 Verisssuugssormen.
1043 3217 1135 3279 1798.

165 3294 168 3299 ’
218 3307 250 3369 8.
271 3323 302 3383 Ρ.
326 3303 389 3369 164
402 3319 483 3379 seqq.
524 3297 674 3359 Planck's
701 3299 809 3367 Gesch.
831 3299 864 3366 d.
884 3298 1000 3362 christl.
1021 3297 1134 3376 kirchl.

218 3387 382 3453 Gerellsch.
403 3384 460 3451 Th.
477 3386 501 3448 Ι.
529 3407 559 3465 p.
582 3386 646 3450 598
660 3404 740 3464 seqq.
835 3395 838 3404 ¹

176 3475 268 3537 J.M.
295 3476 415 3533 Lorenz
442 3491 567 3532 examen
597 3470 711 3530 decreti
737 3469 925 3550 imperatoris
953 3467 1070 3530 Phocoe
1090 3467 1129 3531 de

139 3614 141 3618 ,
216 3558 362 3643 primatu,
375 3559 464 3627 Rom.
485 3555 644 3618 pontificis.
668 3556 762 3623 1785.
782 3555 814 3621 4.
852 3599 856 3602 -

570 3771 608 3876 §-
634 3775 696 3849 sa.

211 3950 374 4024 Ceterum
398 3954 502 4046 paolo
526 3959 606 4045 post
630 3957 733 4021 status
758 3969 871 4016 rerum
892 3944 939 4014 ita
954 3952 1026 4014 erat
1039 3966 1135 4013 com-

138 4065 292 4147 portus,
335 4066 373 4128 ut
396 4058 580 4130 Pontifices
613 4051 761 4129 Romani
794 4052 838 4125 ab
870 4049 1135 4144 imperatoribus

176 4173 266 4254 fluor.
280 4193 365 4240 acon.
407 4214 409 4218 -
760 4251 762 4256 Ι
944 4167 971 4240 o
