2572 4732
229 446 385 526 Per.lll.
422 450 461 521 A
478 450 595 545 Grcg.
610 449 664 521 M
679 451 824 544 usp-od
841 452 961 528 carot
978 453 1030 525 Μ.
1086 454 1139 526 ’Π
1210 440 1213 452 ’

95 563 109 606 ,ι

99 631 102 638 ’
131 639 354 710 Tristissimus
383 640 522 732 Imperii
554 648 589 707 et
626 640 788 710 ecclesiae
810 642 988 711 .orientalis
1021 651 1137 730 status,

131 746 376 813 calamitatibus
402 750 440 813 ct'
452 745 594 813 dissidiis
622 745 764 812 externis
779 753 881 834 atque
906 747 1042 816 internis
1062 758 1137 816 tur-

132 849 248 934 batus,
278 871 414 916 causam
438 848 614 916 lslamismi
641 856 674 914 et
699 849 925 940 rapidissimos
953 851 1024 943 ejus
1051 875 1136 943 pro—

132 975 268 1043 gressus
295 951 465 1021 efficacius
499 951 687 1043 promovit,
731 976 831 1041 quam
867 977 960 1021 arma
989 956 1136 1024 victricia

133 1055 388 1147 Chalipharum.
441 1055 512 1125 Sed
531 1055 650 1123 habuit
675 1078 763 1122 nova
779 1055 866 1124 haec
891 1058 1012 1148 religio
1037 1060 1136 1127 etiam

133 1158 280 1249 aliquid,
312 1159 404 1248 quod
433 1158 541 1250 ipsam
567 1159 769 1227 multitudini
796 1162 1066 1244 commendaret3
1102 1172 1136 1232 et
1255 1175 1262 1197 ⁸

132 1264 326 1347 tolerantia,
364 1286 466 1353 quam
493 1262 718 1331 Muhammed
752 1257 919 1356 primique
947 1265 1019 1358 ejus
1046 1267 1136 1333 Suc-

134 1362 285 1434 cessores
300 1367 366 1456 '(s.
388 1365 601 1461 Chaliphae)
623 1368 660 1434 in
691 1389 808 1436 omnes
835 1369 915 1436 alias
941 1370 1134 1461 religiones,
1260 1440 1265 1453 ,

132 1493 237 1559 qnam
262 1470 405 1539 maxime
431 1479 544 1538 autem
569 1471 604 1539 in
627 1469 832 1540 Christianos
855 1484 1067 1561 exercerent,
1094 1490 1137 1542 ex

132 1572 185 1642 his
208 1573 301 1642 haud
322 1597 450 1665 paucos
466 1574 654 1666 permovit,
680 1583 719 1642 ut
735 1596 757 1642 a
771 1576 936 1669 religione
958 1577 1136 1647 christiana

133 1676 328 1746 deficerent

143 1876 149 1909 ι
178 1837 216 1941 rc
237 1883 274 1939 a.
302 1878 450 1941 oramus
470 1858 677 1957 novamen
709 1880 898 1961 Darstellung
924 1884 975 1944 aes
1003 1872 1137 1944 silaus.

219 1968 381 2035 sesseiner
403 1964 635 2029 Glaubenelehre
665 1969 720 2025 aul
742 1968 791 2027 die
812 1969 925 2028 V'olker
947 1970 998 2030 des
1018 1971 1135 2033 Mittel-

219 2053 317 2117 alters.
361 2051 424 2111 Aue
445 2053 513 2111 dem
538 2052 678 2135 Francos.
703 2057 793 2117 1810.
818 2059 847 2119 8.

183 2155 235 2214 tu.
260 2156 329 2214 Chr.
357 2154 486 2233 Tycham
508 2147 654 2232 quatenus
675 2154 899 2214 Muhammedea
921 2155 1045 2216 aliarum
1065 2158 1137 2227 reliq

134 2262 143 2299 .¹
218 2242 344 2320 gionum
368 2250 529 2300 sectatores
556 2241 739 2312 toleraverit.
773 2241 817 2300 cf.
843 2242 1041 2302 commentat.
1071 2246 1137 2304 Soc.
1253 2251 1255 2255 ’

159 2386 162 2391 .
220 2329 290 2406 Reg.
313 2328 461 2405 Goetting.
483 2328 517 2386 T.
538 2326 601 2385 XV.
622 2345 653 2404 p.
676 2325 736 2389 152
748 2344 828 2402 seqq.

176 2428 292 2490 Amad.
318 2430 476 2488 Wessner
507 2427 561 2489 der
589 2427 928 2509 Muhammedanismus,
959 2412 1138 2489 Geschichte
1245 2445 1247 2449 ’

220 2518 250 2575 'u.
272 2515 387 2574 Lehren
410 2514 462 2572 des
482 2514 583 2589 ulam,
614 2513 694 2579 nach
717 2514 784 2573 dem
806 2515 927 2591 Koran,
956 2514 1009 2575 der
1033 2516 1138 2574 Sunna

136 2604 140 2608 '
168 2611 171 2615 ’
220 2600 389 2662 mandem
411 2600 733 2676 Quellenbearbeitet.
757 2599 812 2661 Th.
834 2602 858 2663 1.
886 2604 978 2667 1823,
1000 2605 1029 2666 8.
1134 2611 1137 2624 '

569 2930 605 3032 §-
633 2935 694 3006 ss.

157 3142 164 3147 “
213 3124 419 3196 SaeculiVll
441 3125 594 3214 decursu,
621 3125 811 3195 victricibus
829 3126 929 3195 armis
944 3122 1137 3218 Chalipha-

133 3253 211 3298 rum
238 3231 441 3315 Abubecrii,
468 3228 602 3318 Omari,
630 3229 810 3319 Othmani,
836 3231 921 3316 Alii,
954 3218 1139 3323 Monuijae
1246 3310 1252 3316 .

135 3342 169 3402 et
195 3332 448 3419 Abdalmaleci,
475 3356 592 3402 omnes
617 3334 651 3401 in
680 3336 760 3404 Asia
795 3341 829 3400 et
854 3334 972 3403 Africa
997 3318 1138 3424 provin-⁸

136 3438 208 3505 ciae
235 3434 508 3519 administrationi
542 3447 576 3505 et
608 3435 834 3530 jurisdictioni
866 3438 1141 3530 Patriarcharum

131 3536 361 3631 Orientalium
386 3541 575 3610 subtractae
603 3551 685 3613 sunt.
737 3542 835 3609 Idem
867 3541 1056 3633 periculum
1079 3563 1138 3608 ec-

136 3644 257 3714 clesiae
284 3646 482 3714 occidentali
507 3644 719 3731 imminebat,
755 3667 860 3734 quum
891 3645 1027 3711 ineunte
1060 3644 1141 3739 sae·v

137 3748 214 3816 culo
241 3749 323 3817 Vlll
342 3748 502 3818 Saraceni
520 3749 596 3842 jam
617 3748 651 3813 in
670 3769 711 3816 eo
739 3756 866 3830 essent,
892 3754 987 3813 utex
1012 3747 1138 3840 Hispa-

138 3850 191 3918 nia
213 3861 247 3919 ct
276 3853 388 3941 Sicilia
413 3858 518 3920 totam
544 3853 722 3941 Europam
737 3847 932 3916 invaderent
949 3852 1138 3942 etsubige·

137 3963 221 4022 rent
256 3956 551 4047 ,Splendidissima
578 3963 709 4038 autem,
735 3975 838 4042 quam
865 3948 1018 4023 Carolus
1031 3953 1140 4041 Mav-

139 4057 244 4128 tellus
267 4057 303 4127 in
327 4060 460 4152 proelio
485 4059 579 4152 apud
601 4058 785 4127 Pictavium
811 4081 843 4125 a.
864 4052 941 4151 ΒΖ
968 4055 1013 4126 de
1032 4058 1136 4127 Sara-
