2572 4732
119 425 217 528 [aas
273 426 357 501 am
370 422 431 501 nt.
458 387 901 506 nummularium.
918 433 1010 502 aeos.

181 607 351 699 liutpoldo
365 614 512 697 Beylsgeu
526 634 595 676 aum
609 616 852 678 unveriinderten
867 614 1027 678 Bassiand
1051 616 1141 679 Tul.

182 709 343 766 Statutum
375 705 555 761 canonicum
589 724 613 763 s.
647 703 875 763 ecclesiasticum
912 702 994 763 Petri
1015 709 1020 719 ¹
1031 703 1143 784 Magni,

187 801 193 811 ““
224 789 315 868 vulgo
334 789 582 868 Regulamentum
605 791 638 848 in
658 799 761 848 sancta
783 788 954 849 orthodoxa
975 791 1144 849 Rossorum

144 910 148 916 ·
223 872 345 934 adelesia
362 875 589 955 praescriptum.
623 874 670 934 Ex
684 875 917 954 linguaRossica
931 876 963 936 in
976 875 1032 938 lat.
1050 895 1141 937 conv.

223 962 344 1040 Petrop·
375 961 466 1026 1785.
489 963 511 1022 s.
541 959 737 1042 (Germanice
757 962 814 1022 sub
833 961 936 1021 titulo:
966 960 1144 1021 Geistliches

222 1046 406 1126 Reglsment.
428 1045 543 1113 Godan,
566 1047 658 1114 1725.
680 1045 730 1124 4.)

180 1133 312 1231 Hupel's
334 1131 443 1198 kirchl.
465 1123 604 1190 'statistik
626 1152 688 1192 von
713 1133 873 1196 Russlsnd.
897 1137 988 1200 1786.
1010 1135 1045 1198 8.

183 1221 235 1281 Ol.
248 1218 424 1278 Hernselin:
444 1216 513 1279 Vita
529 1216 718 1297 Theophanis
731 1218 955 1301 Procopowioa;
979 1219 1015 1278 os.
1030 1216 1144 1277 Schoe-
1170 1264 1173 1271 .

224 1306 297 1362 rer’s
317 1301 481 1363 Nordischa
501 1302 742 1364 Nebenstunden.
764 1307 808 1366 St.
830 1304 853 1370 Ι.

187 1389 317 1469 dheoph.
329 1391 544 1469 Procopows'oz
560 1388 738 1450 christianae
757 1389 943 1464 orthodoxae
961 1388 1143 1469 theologiae.

182 1592 225 1607 -
254 1591 297 1606 -
334 1560 488 1638 Disquisit.
508 1559 580 1634 hist.
599 1560 684 1638 bigae
703 1569 818 1640 quaest.
832 1560 856 1620 Ι.
878 1559 995 1634 Quibus
1011 1559 1051 1618 de
1066 1579 1143 1618 cau-

223 1646 262 1704 sis
283 1653 312 1703 et
333 1665 393 1722 quo
415 1665 503 1705 sensu
523 1647 719 1726 Imperatores
740 1646 885 1720 Romani,
916 1654 980 1704 tam
1009 1644 1157 1719 Ethnici,·

144 1740 162 1804 j
196 1788 200 1796 ,
223 1739 315 1808 quain
337 1729 500 1790 Christiani
519 1732 659 1810 appellati
672 1732 785 1793 fuerint
798 1731 956 1792 Pontifioes
966 1746 995 1789 s.
1011 1730 1145 1791 Archio-

223 1815 268 1876 rei
294 1817 411 1895 gentilis
437 1816 594 1895 religionis.
635 1818 673 1878 ΙΙ.
705 1818 786 1877 Num
813 1816 924 1878 christ(
937 1817 1020 1895 relig.
1040 1817 1146 1896 lmpe-

223 1908 326 1962 rautes
355 1898 415 1958 dici
445 1901 561 1981 possint
589 1900 728 1984 Episcopi
756 1912 788 1963 et
815 1901 983 1979 Archierei,
1017 1911 1049 1961 et
1082 1923 1146 1982 quo

215 2003 322 2050 sensu.
342 1985 462 2065 Petrop.
486 1991 579 2053 1721.
1134 1992 1139 2012 ”

140 2091 148 2096 “
180 2073 226 2137 Η.
239 2074 279 2131 L.
298 2069 353 2131 Cd.
369 2074 584 2131 Buemeister'a
595 2071 754 2132 Russisohe
767 2071 938 2133 Bibliothek
949 2091 1006 2130 zur
1022 2071 1145 2134 Kdunt-

222 2158 283 2218 niss
303 2157 356 2217 des
376 2176 506 2236 gegeuw.
528 2157 694 2218 Zustsndas
716 2159 746 2219 d
766 2160 827 2225 Lit.
846 2159 879 2218 in
899 2159 1009 2222 RussL
1022 2164 1146 2224 1772-

139 2298 141 2303 ¹
179 2244 610 2390 Hiiiisi‘iiihis-hldriidrbuch
631 2329 711 2388 aller
737 2327 769 2386 in
795 2327 946 2412 Russlaud
966 2310 1146 2406 gewesenen

173 2465 177 2470 .
220 2411 435 2474 Schriststeller
461 2434 533 2474 vom
561 2415 656 2494 geistl.
683 2413 795 2472 Stande
831 2412 885 2474 der
912 2413 1146 2494 griech'.-russi-

216 2500 315 2572 'scheri
335 2498 457 2564 Kirehe.
481 2505 572 2566 1818.
599 2499 654 2562 Th.
677 2500 699 2558 1.
720 2496 754 2576 11.
777 2501 807 2562 8.
1024 2518 1040 2529 ··
1137 2528 1142 2535 -

137 2594 140 2598 ’
179 2585 240 2649 Pl».
260 2586 393 2646 Strahl's
413 2584 561 2666 gelehrtes
580 2584 742 2653 Russland.
764 2583 821 2648 Thi
842 2583 864 2649 Ι.
888 2586 978 2652 1831.
1001 2588 1032 2649 8.

562 2808 598 2911 3.
625 2811 711 2882 sss.
765 2750 767 2755 ⁵
840 2805 843 2809 ’

238 2983 295 3053 Do
314 2985 420 3054 tribas
446 2985 581 3074 reliquis
599 2983 884 3054 Patriarchatssrus
903 2979 1141 3062 Orientisnos

133 3087 278 3158 multum
291 3098 337 3172 set
362 3090 417 3158 vix
442 3089 534 3158 aliud
559 3089 759 3180 dicendum,
794 3109 899 3177 quani
923 3109 1043 3154 uorum
1070 3111 1140 3179 po·

126 3195 290 3263 'testatem
321 3194 430 3286 nugis
464 3216 538 3262 esse
569 3194 771 3263 nominatam
797 3214 899 3281 quain
925 3191 1078 3277 realem,
1107 3199 1140 3259 et

134 3316 254 3365 eorum
293 3296 593 3385 administratores,
635 3297 770 3378 sedibus
803 3297 868 3363 suis
904 3301 938 3386 et
968 3293 1137 3362 cathedris

135 3401 313 3490 expulsos,
347 3394 393 3468 nil
419 3400 491 3469 fere
526 3424 599 3470 esso
630 3421 736 3491 quarn
769 3390 984 3483 ἐπισκόπους
1011 3389 1138 3490 σχολά-

131 3504 284 3591 ζοντας,
311 3504 557 3593 Praesulssque
577 3506 612 3572 in
633 3504 786 3596 partibus
811 3501 1007 3593 infidelium.
1060 3500 1138 3570 Aa·

133 3606 316 3675 tiochenus
349 3609 546 3676 Patriarcha
581 3607 765 3676 admodum
779 3627 926 3700 paucos·
944 3602 1140 3674 Melchitus

134 3710 229 3801 (quo
267 3712 400 3784 nomine
435 3713 567 3805 saepius
599 3735 667 3782 non
699 3713 807 3780 solum
833 3709 914 3799 Syri
946 3707 1138 3798 orthodoxi,

130 3813 197 3880 'se'd
220 3820 336 3884 ornnes
359 3831 495 3906 quoque
509 3815 695 3885 Orientales
714 3811 945 3906 auctoritatem
964 3811 1029 3880 vll
1045 3811 1139 3880 Con-

129 3916 296 3993 scitorum*
324 3921 618 3991 oecumenicorum
656 3926 880 4012 agnoscentes
910 3915 1139 4008 eomprehen-

137 4018 282 4113 duntur)
310 4025 383 4096 suo-
398 4042 462 4094 sas·
481 4024 608 4102 ditione
624 4023 745 4113 habet,
767 4044 874 4114 quum
891 4042 1004 4114 neque
1025 4019 1139 4090 Juoo-
