2572 4732
123 488 127 494 .
176 515 178 518 Α
215 426 292 498 230
348 422 505 495 Parslll.
532 419 833 496 Historiaecclec.
846 427 978 494 recent.
992 420 1106 492 aevi.·.

221 613 399 700 ecclesiae,
440 611 563 680 eodem
600 610 673 679 lere
715 609 836 696 modo,
879 632 947 700 quo
982 610 1225 698 Protestantes,

219 702 452 814 praedicatum
473 715 632 808 ἐκκλησία
650 704 820 808 sadotem}
844 713 1029 799 vindicant,
1056 714 1225 803 tituloque

222 814 423 912 ὀρθόδοξος
456 821 499 887 ab
532 819 591 886 illo
616 825 791 910 tempore,
823 817 882 885 ubi
907 818 1052 909 separati
1081 840 1102 884 a
1128 818 1224 885 Lati-

85 914 93 926 ’
222 927 292 1010 nis,
316 926 462 992 utunturss
512 921 597 989 Fata
621 921 722 1014 hujus
749 920 910 989 ecelesiae
935 921 1014 989 inde
1041 944 1063 988 a
1089 921 1224 990 saeculo

223 1029 283 1098 IX.
310 1051 331 1095 a
355 1027 431 1094 fatis
458 1026 619 1094 ecclesiae
645 1024 859 1094 occidentalis
875 1024 973 1092 valde
990 1033 1068 1093 sunt
1082 1025 1226 1108 diversa,

224 1131 371 1220 ideoque
392 1131 427 1198 in
446 1128 518 1221 ejus
540 1128 677 1197 historia
702 1129 787 1197 aliae
809 1136 886 1196 sunt
906 1127 1076 1220 Epochae
1098 1128 1226 1196 consti-

226 1234 387 1320 tuendae,
428 1255 516 1320 quae
547 1241 661 1299 tamen
691 1255 759 1299 non
783 1231 985 1322 impediunt,
1022 1254 1093 1322 quo
1119 1232 1226 1298 minus

225 1339 398 1426 utriusque
425 1335 586 1404 ecclesiae
611 1335 843 1404 memorabilia
869 1343 903 1404 et
929 1344 1051 1404 statum
1074 1335 1249 1428 oenoe?

106 1500 108 1503 .
225 1443 385 1525 κιστικῶς
406 1461 649 1532 comparemus.
712 1445 719 1455 '

138 1679 144 1695 Ι
269 1608 312 1669 De
332 1607 504 1690 praedicato
531 1617 562 1667 et
587 1607 678 1668 titulo
707 1600 924 1689 ὄρθόδοξος
951 1604 1141 1686 ἐκκλησία
1167 1565 1228 1665 ᾱὶε-ι

211 1766 213 1770 Α
311 1695 484 1775 putavimus
500 1694 531 1753 in
546 1695 661 1753 libello:
681 1693 724 1751 De
745 1692 897 1752 nonnullis
918 1693 1065 1752 Ecclesiae
1087 1693 1229 1767 Graecae,

303 1800 390 1930 ¹quaze
413 1799 511 1858 nuper
530 1781 660 1862 jactatae
682 1787 768 1875 sunt,
789 1778 963 1842 virtutibus.
984 1779 1018 1839 P.
1036 1778 1062 1840 Ι.
1085 1781 1182 1847 1821.
1202 1780 1230 1841 4.

311 1885 343 1946 P·
406 1884 488 1944 Wil-
507 1933 525 1943 ..

654 2083 693 2184 ς.
719 2086 805 2161 aaa
892 2133 894 2136 v

332 2259 404 2330 Tot
443 2270 555 2330 autem
596 2262 801 2330 calamitates
834 2265 974 2353 experta
1006 2265 1057 2327 est
1090 2259 1235 2328 ecclesia

232 2362 418 2460 orientalis,
458 2375 498 2433 ut
536 2362 608 2456 ejus
645 2364 851 2433 conservatio
889 2372 924 2432 et
956 2351 1173 2454 perduratio?
1192 2361 1235 2445 ad

233 2467 325 2537 hunc
345 2491 451 2559 usque
478 2469 567 2537 diem
592 2469 693 2536 instar
718 2468 870 2538 miraculi
890 2467 931 2537 sit
951 2465 1122 2534 habenda.
1148 2465 1235 2534 Fata

234 2581 347 2641 autem
388 2571 547 2662 adversa,
595 2573 691 2640 brevi
734 2594 863 2640 summa
903 2568 1262 2660 comprehendenda,¹

233 2674 322 2744 haec
346 2675 420 2743 fere
445 2682 537 2744 sunt:
589 2675 616 2743 Ι.
642 2675 818 2744 lslamismi
842 2673 1044 2765 rapidissimi
1069 2672 1237 2766 progres-

235 2800 308 2864 sus,
342 2779 462 2867 quibus
494 2786 545 2844 tot
575 2777 694 2848 fideles
723 2779 936 2871 integrasque
962 2777 1071 2845 amisit
1096 2777 1237 2869 provin·

169 2927 176 2944 .
236 2881 313 2953 cias,
365 2882 408 2955 11.
440 2879 677 2950 Controversia
700 2881 935 2950 iconoclastica
960 2903 989 2948 a.
1005 2879 1151 2962 Graecis
1167 2881 1237 2948 illi-

236 2983 394 3054 beraliori
435 2985 534 3053 s'ensu
582 2983 757 3070 inchoata,
805 2993 840 3053 et
872 3007 1037 3061 [successu
1073 2983 1237 3077 temporis

237 3089 437 3157 crassissima
464 3088 696 3181 superstitione
722 3088 824 3156 finita.
875 3087 937 3158 Ill.
971 3086 1129 3156 Schisma
1155 3084 1238 3155 illud

236 3214 414 3284 magnum,
441 3190 536 3284 enjus
563 3192 660 3284 origo
679 3192 809 3284 jamin
831 3190 1081 3260 concertatione
1095 3189 1151 3259 de
1172 3191 1238 3258 Pa-

194 3350 198 3359 ,
237 3292 420 3362 triarchatu
447 3296 658 3384 quaerenda,
691 3294 802 3384 quod,
834 3295 957 3368 Photio
985 3302 1018 3361 et
1042 3294 1192 3362 Nicolao
1213 3291 1238 3360 1.

238 3398 447 3484 auctoribus,
475 3398 555 3466 inde
582 3400 625 3466 ab
653 3423 682 3466 a.
699 3394 776 3466 858
803 3405 838 3466 et
863 3397 990 3467 auctius
1016 3398 1060 3465 ab
1087 3421 1119 3466 a.
1137 3392 1238 3464 1053

240 3502 482 3587 continuatum,
509 3524 620 3592 neque
646 3502 916 3587 reconciliatione
936 3500 1069 3592 synodi
1091 3497 1239 3593 Lugdu-

239 3605 349 3673 nensis
376 3628 405 3677 a.
434 3601 553 3692 1214,
579 3614 614 3674 et
638 3604 853 3674 Florentinae
877 3629 909 3679 a.
932 3601 1034 3671 1439
1061 3604 1239 3690 sublatum,

239 3706 286 3774 ad
323 3730 483 3799 praesens
523 3716 659 3802 tempus
697 3708 840 3781 duravit.
897 3705 973 3780 lv„
995 3707 1239 3799 Expeditiones

165 3836 176 3863 ·-
241 3804 442 3900 emelotam·
469 3811 589 3900 quibus
623 3821 762 3881 auctum·
792 3811 965 3881 dissidium
999 3810 1182 3905 (inprimis
1214 3832 1241 3878 a

223 3910 535 4005 ’ΠΜ-’1261)
570 3923 604 4004 et
637 3916 781 3986 schisma
812 3918 899 3985 inter
931 3915 1024 4005 ipsos
1051 3913 1242 3986 orientales

240 4022 362 4088 ortum.
390 4068 393 4073 »
420 4017 469 4094 V.·
495 4016 648 4114 Intentus
679 4018 818 4116 Imperii
849 4016 1031 4096 orientalis
1063 4028 1116 4090 et.
1134 4039 1242 4112 erpa*
