2572 4732
95 500 96 503 κ
134 388 1139 544 nrnar.uqs.uruum,1.armr-15m141

134 644 207 704 tam
231 634 370 703 fidelem
396 631 437 702 ac
457 656 608 726 puram,¹
633 657 735 724 quam
760 635 828 704 hoc
853 659 1015 728 reguum,
1043 638 1139 729 cujus

132 739 232 832 leges
255 748 289 807 et
315 747 438 807 statuta
462 738 591 806 nullam
616 739 734 825 aliam,
761 762 864 830 quam
889 740 1139 810 Lutherauismi

134 842 400 927 confessionem,
427 841 615 912 admittunt.

179 1014 207 1076 J.
234 1010 276 1072 A.
306 1014 485 1070 Hartmann
515 1010 553 1070 de
581 1010 779 1071 Arcemboldo
812 964 941 1089 evangel.
970 1011 1003 1070 in
1032 1012 1136 1072 Suecia

222 1099 373 1157 reformat.
396 1096 558 1157 occasione.
589 1101 680 1161 1731.
703 1099 733 1160 4.

182 1183 240 1244 Ol..
264 1183 357 1242 Celeri
389 1182 567 1242 Geschichte
594 1183 692 1260 Konig
729 1183 871 1243 Gustav's
899 1181 921 1241 Ι.
958 1180 1016 1247 Th.
1045 1182 1068 1247 Ι.
1099 1182 1138 1247 11.

178 1354 204 1414 J.
222 1266 495 1414 ἕρξᾔνῗτῗιηὲἆο
507 1350 578 1416 hist.
593 1353 713 1412 reform.
728 1352 798 1410 eccl.
815 1352 960 1411 suecicae.
990 1354 1085 1416 1693.
1107 1350 1138 1415 lt.

177 1439 244 1512 ,1οῇ.
266 1441 411 1498 Loccenir'
431 1438 572 1497 historiae
594 1441 744 1496 Succanae
765 1438 833 1495 libri
855 1438 908 1497 tx.
930 1442 1023 1501 1676.
1045 1435 1076 1502 4.

155 1525 222 1571 ‘'—
266 1557 306 1570 -
350 1523 569 1602 Antiquitatum
584 1522 877 1583 Suco-Gothicarum
897 1522 967 1581 libri
984 1523 1033 1588 tlt.
1055 1521 1136 1581 Edit.

140 1682 142 1687 ,
222 1608 272 1670 rv.
296 1613 389 1674 1676.
411 1610 440 1672 4.

180 1697 226 1756 Jo.
248 1697 365 1754 Boazii
387 1693 592 1754 inventarium
615 1694 683 1752 eccl.
706 1693 955 1752 Suco-Gothicae.
993 1691 1085 1759 1642.
1107 1691 1138 1755 4.

179 1781 261 1842 J.A.
278 1779 491 1859 Sclrinmeyer'e
509 1779 836 1858 Lebensbeschneibung
854 1781 907 1839 der
924 1780 998 1858 drey
1014 1777 1139 1859 Schwe-

224 1866 346 1925 dischen
369 1867 598 1926 ltesormatoren
619 1868 732 1925 Lorenz
755 1867 928 1941 Anderson,
950 1865 1025 1924 Olus
1035 1865 1140 1924 Peter·

222 1972 278 2010 son
299 1973 330 2013 u.
352 1953 422 2016 Lor.
443 1953 595 2013 Peterson.
624 1957 715 2018 1783..
734 1949 765 2016 4.
840 2004 845 2016 ,

180 2040 206 2099 J.
226 2038 296 2097 Chr.
317 2038 371 2099 W.
391 2040 557 2116 Augusti’e
578 2037 818 2114 Betrachtungen
838 2035 914 2093 iiber
936 2033 983 2093 die
1004 2034 1138 2097 Reform.

143 2200 146 2205 Ι
221 2144 252 2182 ιι.
272 2121 578 2202 Kirchenversassuug
599 2123 631 2204 in
654 2121 829 2200 Schweden.
855 2124 945 2183 1816.
968 2124 997 2184 8.
1033 2181 1036 2186 .

179 2209 232 2271 Fr.
259 2208 312 2270 W.
335 2229 363 2268 ν.
388 2208 559 2267 Sclaubert'a
581 2206 762 2266 Schwedens
781 2204 1084 2283 Kirchenversassuug
1107 2226 1138 2267 u.

221 2292 513 2355 Unterrichtswesen
530 2315 566 2387 u.
584 2313 608 2356 s.
628 2314 670 2358 w.
692 2292 747 2352 Th.
769 2291 791 2354 1.
814 2291 852 2375 n:
879 2285 970 2357 1821,
992 2294 1022 2356 8.

563 2512 600 2615 5.
631 2517 715 2587 144.

112 2733 115 2738 ·
240 2691 312 2761 Sed
352 2699 513 2759 renovata
548 2691 720 2761 doctrinae
756 2698 790 2758 et
825 2678 987 2759 ecciesiae
1028 2687 1140 2756 forma

135 2796 242 2864 etiam
266 2797 300 2862 iu
332 2795 394 2863 illis
428 2795 631 2862 Germaniae
664 2786 858 2886 regionibus
886 2816 925 2859 ac
949 2792 1139 2883 provincie,

136 2922 226 2989 quae
259 2899 320 2965 sub
360 2906 524 2990 potestate
560 2899 812 2990 Episcoporum
852 2896 907 2962 vel
942 2896 1140 2986 Principum

137 3001 324 3070 catholicae
354 3000 437 3067 fidei
462 3002 607 3069 maxime
633 3000 823 3069 deditorum
855 3006 983 3084 essent,
1016 2998 1139 3067 multos

136 3112 237 3174 nacta
262 3113 313 3173 est
339 3103 464 3171 amicos
491 3112 592 3192 atque
617 3105 770 3173 asseclas.
825 3101 928 3169 Tales
950 3101 1085 3168 suerunt
1105 3104 1141 3169 in

134 3207 329 3290 Boheme'u,
362 3204 548 3285 Morauiu,
586 3206 718 3289 Stiria,
762 3202 950 3276 Corinthio
980 3212 1015 3270 et
1045 3203 1139 3272 Cur-

134 3311 253 3400 uioiu,
279 3311 337 3379 ubi
364 3308 484 3400 (quod
509 3311 630 3377 mirum
655 3309 762 3379 videri
786 3309 945 3400 poterat]
969 3307 1043 3397 ipse
1071 3305 1142 3374 Ca-

133 3416 229 3484 rolus
254 3414 295 3482 V.
322 3422 356 3481 et
380 3411 615 3481 Ferdinandos
634 3413 661 3483 l.
696 3413 920 3510 Imperatores
954 3409 1141 3478 Davidem

140 3517 358 3608 Chytrueum
379 3515 637 3584 reformatorem
653 3523 864 3607 agnoverunt
878 3522 980 3600 etque
994 3513 1141 3581 adorna-

135 3628 224 3690 runt.
261 3619 488 3710 Episcopatus
514 3618 749 3688 Hildeoieusis
773 3613 1024 3688 armarere
1049 3624 1140 3685 totus
1234 3693 1240 3701 ,

136 3723 184 3793 ad
203 3732 310 3790 castra
328 3723 608 3815 Evangelicorum
623 3721 806 3791 transierat.
859 3717 957 3786 Idem
982 3741 1024 3788 ex
1043 3731 1141 3810 parte

136 3827 267 3896 factum
291 3827 326 3894 iu
351 3824 658 3918 Archiepiscopatu
684 3821 975 3916 Sulisburgeusi,
1000 3823 1035 3891 in
1051 3823 1141 3914 Epi-

138 3939 282 4023 scopatu
307 3927 579 4019 Herbipolituuo
607 3938 641 3996 et
665 3924 949 4018 Bumbergeusi,
983 3949 1047 3994 nec
1073 3950 1141 3994 uon
1198 3911 1202 3928 ⁸

135 4035 172 4103 io
205 4032 358 4125 pluribus
389 4030 576 4101 Bovariue
606 4031 771 4124 portibus.
823 4029 993 4121 Adeoque
1020 4052 1141 4122 parum
