2572 4732
151 423 279 496 Ῥοιὼ
306 421 367 495 At
380 423 478 517 orig.‘
489 424 575 494 eccl.
590 424 668 498 cler.
682 437 756 517 usq.
771 424 826 495 ud
846 424 965 497 Consi.
976 421 1029 494 M.
1057 416 1108 495 23

545 676 581 778 n.
610 681 669 750 ιι.

182 778 349 926 coquunt
374 834 418 915 n,
439 834 483 904 Τ.
510 835 557 926 (ι
578 834 727 916 namon
752 836 820 926 111,
843 834 878 905 s.
903 833 963 903 ιι.
1003 835 1105 903 nom.

103 932 257 1030 xv1‚.l)
280 936 325 1008 de
349 939 521 1029 utriusque
549 963 646 1008 sexus
679 930 874 1024 διακόνοις,
909 961 994 1028 quos
1021 941 1106 1007 scri-

102 1050 221 1134 ptores
258 1042 476 1112 ecclesiastici
508 1035 700 1128 διακόνους
733 1053 768 1112 et
802 1044 1025 1128 διακονίσσας
1052 1041 1106 1109 di-

103 1145 299 1217 stinxerunt.
367 1145 473 1230 Quod
505 1146 549 1214 ad
585 1145 795 1215 Diaconissas
832 1148 965 1232 attinet,
1017 1168 1105 1234 quae

21 1295 23 1298 .
104 1248 206 1316 etiam
237 1251 341 1342 χῆραι
369 1248 542 1340 (viduae),
582 1251 687 1319 rarius
716 1250 889 1342 παρθένοι
924 1249 1104 1340 (virgines)

102 1360 277 1439 vocantur,
305 1374 420 1419 earum
445 1375 576 1438 munus,
601 1376 689 1441 cum,
716 1363 850 1443 praeter
876 1376 992 1420 curam
1008 1368 1103 1442 ‘pau-
1178 1394 1182 1403 ·

42 1490 44 1493 v
102 1474 229 1547 perum
253 1465 613 1547 atquo'aegrotorum‚
635 1447 783 1525 ¹manime
808 1457 1105 1548 praeparationem

102 1558 283 1627 mulierum
309 1559 370 1626 adr
390 1559 594 1651 baptismum
627 1561 832 1652 postularet,
868 1568 948 1652 post
973 1558 1105 1650 paedo-

31 1723 35 1731 .
101 1662 266 1753 baptismi
302 1663 595 1749 consuetudinem,
631 1664 818 1755 paulatim,
857 1663 892 1731 in
918 1661 1104 1732 Occidente

102 1766 218 1854 citius,
253 1788 356 1855 quam
386 1767 423 1834 in
457 1766 618 1849 Oriente,
654 1768 813 1864 abrogari
848 1765 973 1857 coepit.
1004 1815 1007 1820 -
1033 1764 1105 1833 Sed

102 1891 223 1945 munus
249 1861 444 1957 διακόνων,
477 1872 536 1961 qui
570 1872 671 1940 etiam
699 1863 862 1963 νεώτεροι
894 1870 949 1938 vel
975 1860 1104 1960 dunol—
1200 1924 1202 1930 ,

102 1999 161 2043 ται
184 1973 221 2050 in
245 1974 288 2046 N.
316 1972 360 2046 T.
387 1973 560 2065 dicuntur,
592 1999 727 2066 semper
752 1975 872 2045 mansit
891 1974 925 2040 in
951 1972 1105 2061 ecclesia,

102 2086 139 2146 et
161 2098 347 2169 progressu
369 2079 548 2171 temporis,
582 2100 651 2147 nna
676 2101 754 2147 cum
779 2077 1009 2169 Episcopatu,
1035 2097 1102 2166 po-

103 2182 223 2249 tiorem
245 2189 460 2270 assequutum
484 2189 534 2249 est
548 2179 714 2252 honorem
729 2191 763 2250 et
786 2181 1000 2273 dignitatem,
1027 2201 1105 2260 cum

101 2281 262 2354 Diaconis
281 2283 436 2374 digniora
452 2283 597 2352 docendi
610 2283 973 2374 atqueadministrandi
991 2280 1105 2348 officia

102 2388 411 2471 committerentur,
434 2387 606 2464 vilioribus
627 2389 775 2481 negotiis,
792 2386 948 2466 ministris
965 2384 1104 2453 inferio-

100 2516 179 2562 rum
201 2490 358 2560 ordinum
377 2491 564 2565 reservatio
670 2482 679 2527 ³⁴

149 2661 241 2741 Carp.
263 2660 382 2742 Ziegler
402 2660 440 2721 de
463 2660 600 2722 Diaconia
621 2669 653 2720 et
673 2652 850 2719 Diaconissis
875 2668 935 2720 vet.
957 2653 1104 2726 ccclesiae.

41 2809 44 2814 ⁴
146 2748 452 2910 Dellivlirdlgkeiten
490 2851 545 2892 aus
567 2831 622 2893 der
647 2830 713 2894 chr.
741 2829 879 2910 Archilol.
910 2827 967 2889 Th.
988 2822 1041 2888 xl.
1072 2844 1103 2907 p.

190 2921 369 2986 189-222.

540 3152 577 3253 n.
604 3151 664 3226 an

182 3312 345 3383 Nonnulli
373 3333 415 3380 ex
440 3311 534 3382 Actis
559 3311 803 3404 Apostolorum
826 3307 900 3378 loci
926 3303 1105 3374 clarissime

104 3417 383 3489 communionem
409 3414 578 3514 bonorum
613 3415 706 3507 apud
740 3416 868 3507 primos
896 3409 1105 3480 Christianos

104 3532 285 3608 testantur,
303 3520 380 3615 ‚sed
404 3542 473 3588 non
499 3542 594 3612 eam,
626 3542 714 3609 quae
745 3514 941 3586 communio
964 3532 1103 3606 poeseo-

103 3627 229 3709 sionis‚
264 3623 326 3692 sed
353 3647 445 3713 eam,
486 3646 574 3712 quae
606 3623 801 3692 communio
834 3640 918 3688 nsua
946 3641 967 3692 a
992 3613 1106 3686 Juris-

104 3729 264 3798 consultis
291 3727 420 3797 dicitur.
473 3726 580 3811 Quod
612 3726 761 3795 sialiter
793 3746 830 3790 se
855 3721 1015 3799 haberet,
1048 3715 1106 3784 hic

106 3858 179 3901 mos
214 3846 327 3899 tamen
354 3831 568 3900 solummodo
596 3828 801 3898 consuetudo
828 3825 990 3893 ecclesiae
1017 3821 1105 3888 Hie-

105 3936 388 4026 rosolyrnitanae‚
421 3960 489 4004 non
515 3935 595 4003 ideo
626 3943 739 4000 autem
772 3931 955 4005 institutum
988 3933 1022 3999 et
1052 3924 1107 3991 lex
1168 4024 1171 4031 .

106 4042 207 4110 totins
228 4039 390 4110 ecclesiae
416 4048 503 4113 esset
529 4037 699 4122 dicendus.
752 4037 876 4120 Postea
897 4054 997 4120 vcro,
1022 4025 1106 4096 Μο-
1138 4107 1143 4121 Ι
