2572 4732
135 434 189 509 dd
252 434 417 511 ''Persl·
437 432 602 507 Historia
624 431 995 533 eoelesioumuiquuu
1042 508 1055 514 ..

133 620 332 699 Eusebium
369 618 586 693 Emeseuum
625 629 662 692 et
691 615 871 693 Basiliam
902 622 1161 719 Ancyreum,

103 754 106 761 ·
136 727 364 824 ermom
385 725 717 797 semi-Arinem
748 726 871 799 fuisset
903 729 949 799 de
979 730 1139 809 Eusebio

137 829 392 918 Ouesureeusi,
433 828 568 920 Gpuillo
598 828 923 921 Hierosolymitono
953 841 990 902 et
1026 835 1137 907 Mar-

135 921 227 1010 eeilu
254 934 454 1025 Adcyrunu'
478 931 515 1001 iu
555 930 667 1009 dubio
693 926 873 1020 relictum3
916 934 986 1005 hoc
1023 947 1139 1011 tumen

135 1049 287 1128 certum,
318 1036 382 1106 hos
408 1058 580 1127 nunquam
607 1036 918 1109 inter-Hoereticos
942 1039 1046 1111 fuisse
1073 1066 1139 1113 uu-

135 1151 294 1217 merntos.
342 1141 477 1213 Aretias
503 1139 675 1232 conjuncti
701 1140 929 1211 Semi-Ariani
962 1166 1040 1213 enm
1067 1145 1138 1217 Or·

133 1246 301 1318 diodonis·
315 1267 344 1315 s.
363 1243 628 1329 Homousiustis,
654 1265 758 1333 quam
771 1266 849 1313 cunt
869 1247 1021 1338 genuinis
1036 1249 1139 1323 Λήι-

136 1354 205 1440 nis‚
231 1348 385 1441 saepius,
411 1368 515 1438 quum
535 1347 680 1416 maxime
702 1357 816 1416 sutem
839 1350 875 1417 in
894 1349 1038 1440 Synodo
1062 1353 1138 1425 An-

136 1477 262 1548 cyrnna
294 1452 352 1540 (a.
384 1446 506 1544 858),
548 1449 778 1521 defensionem
808 1450 966 1544 Symboli
997 1455 1139 1531 Mosen

135 1566 253 1630 contra
275 1554 472 1627 Anomoeos
497 1562 728 1649 susceperunt.

177 1757 362 1844 Epiphanius
382 1754 480 1839 (saer.
500 1728 635 1820 exunt
655 1754 690 1838 p.
710 1751 752 1868 1.)
774 1758 890 1838 psmus
908 1760 983 1839 snt,
1006 1759 1060 1838 qus
1079 1780 1138 1842 ps

219 1867 270 1907 ros
292 1864 327 1904 ac
349 1854 440 1923 putes
461 1843 588 1904 Arianos
625 1844 716 1927 (quos
736 1851 958 1926 Αρειομανῑτας
977 1845 1081 1927 voest)
1109 1854 1138 1907 et

216 1930 409 2012 Ἦμιαρείους
438 1928 615 2009 distinguit,
662 1928 833 2009 horumque
867 1931 958 1991 duces
996 1932 1137 2010 Busilium

219 2017 414 2095 Ancyranum
435 2024 466 2076 et
490 2014 648 2095 Georgium
668 2015 880 2091 Laudicensem
901 2017 984 2077 dicit.

182 2117 255 2180 Chr.
276 2120 321 2176 H.
345 2118 383 2180 G.
404 2117 551 2198 Rettberg
571 2116 612 2177 'in
634 2116 754 2178 Eusebii
775 2127 882 2179 contra
903 2117 1079 2178 Marcellum
1099 2118 1136 2179 li·

219 2204 291 2264 bros
312 2203 460 2265 observat.
482 2203 532 2265 sel.
556 2206 647 2268 1787.
688 2203 831 2284 Ejusdem
851 2205 1061 2284 Marcellisns3
1085 2224 1137 2263 ue-

157 2339 161 2346 ,
221 2288 300 2350 cedit
321 2289 462 2350 Eunomii
484 2288 603 2366 Μεσις
625 2290 755 2367 πίστεως
775 2291 971 2355 emendatior.
992 2290 1086 2360 1794.
1106 2291 1137 2356 8.

576 2557 615 2661 ς.
638 2559 701 2634 rs.

211 2749 303 2819 Inter
334 2745 502 2820 haereses
530 2772 574 2820 ex
610 2749 840 2823 controversia
878 2748 1006 2824 Ariana
1046 2758 1137 2823 ortas

136 2851 249 2946 primu¹
269 2877 310 2922 ea
343 2864 410 2941 est,
443 2852 537 2945 cujus
564 2863 682 2923 auctor
711 2853 904 2943 Photinus,
942 2856 1136 2948 Episcopus

133 2957 342 3046 sirmiensis,
365 2956 521 3025 Marcelli
542 2957 714 3048 Ancyrani
729 2958 932 3050 discipulus,
959 2961 1050 3027 circu
1075 2981 1136 3026 un-

133 3082 215 3128 num
241 3058 327 3129 343.
353 3061 544 3129 Arianismo
582 3061 739 3153 opposita
764 3061 810 3129 ad
845 3061 1136 3131 Sabellianismnm

132 3163 245 3255 potius
280 3164 470 3254 accedenS,
517 3163 672 3231 Nicaenis
709 3187 778 3232 non
812 3165 919 3234 minus
956 3164 1135 3258 displicuit,

133 3290 237 3358 quam
271 3267 413 3337 Arianis.
469 3265 527 3334 Ab
561 3257 622 3334 illis
659 3266 694 3334 in
735 3267 879 3358 Synodo
923 3266 1134 3338 Antiocheno

134 3370 182 3459 (a.
206 3367 299 3459 344)
339 3379 372 3437 et
398 3367 645 3437 Mediolanensi
671 3370 725 3458 (s.
753 3369 875 3462 347),
909 3373 954 3440 ab
980 3371 1133 3440 hisvero

134 3473 169 3540 in
198 3470 341 3563 Synodo
369 3471 540 3539 Sirmiensi
566 3473 613 3562 (a.
636 3467 729 3564 351)
757 3473 932 3543 damnatus
957 3474 1132 3560 Photinus,

132 3577 176 3643 ab
204 3576 405 3669 episcopatu
431 3575 603 3666 detrusus,
628 3577 663 3643 in
690 3576 789 3644 exilio
813 3587 963 3647 mortuus
989 3584 1049 3647 est.

173 3779 271 3837 Dion.
300 3779 427 3839 Patavii
453 3776 573 3845 Dissert.
603 3778 641 3840 de
669 3778 799 3840 Photino
830 3734 979 3842 haeretico
1008 3780 1133 3863 ejusque

215 3863 414 3927 damnatione.
435 3862 471 3925 V.
491 3863 646 3927 Rationar.
668 3875 761 3946 temp.
782 3865 849 3925 Per.
872 3869 965 3931 1636.

172 3962 284 4025 Mattio.
313 3967 519 4044 La'rroquuni
545 3965 667 4027 Dissert.
692 3966 715 4031 l.
747 3967 786 4027 de
812 3966 940 4032 Photino
968 3967 1130 4031 haeretico.

69 4116 75 4121 ,
215 4048 313 4112 ll.·de
332 4051 450 4113 Liberio
470 4050 559 4120 Punt.
579 4052 667 4117 Rom.
690 4056 783 4122 1670.
806 4056 836 4121 8.
