2572 4732
157 380 237 454 nr
252 377 750 477 usurraeflennureeru
767 380 1043 463 arescusae.
1084 384 1165 465 ror

156 569 326 656 nonium,
365 569 424 641 rel
463 570 710 664 amtoloylcc
747 572 982 671 praejudicata
1021 569 1160 648 dileetio

154 672 309 745 alebatur
334 673 513 767 adhucque
539 673 645 751 alitur.
727 676 729 684 ’
894 714 898 729 ¹

196 873 319 941 Alton.
357 875 481 938 calonia·
516 873 645 939 historia
679 875 884 958 cynoretistiea
916 875 947 942 (l.
979 878 1002 951 i.
1036 879 1153 948 christi:

236 959 519 1042 rvohlgegrlindetes
538 961 699 1027 Bedenken
720 963 795 1028 uber
815 963 873 1023 den
892 962 988 1024 lieben
1002 966 1153 1026 Kirchen·

236 1047 364 1112 sricden.
398 1051 488 1113 1682.
516 1048 548 1114 4.
589 1051 635 1114 Μ.
657 1050 769 1128 Rango
791 1046 916 1107 historia
936 1053 1151 1128 syncretiotiea.

238 1132 330 1202 1674.
361 1137 413 1207 12.
464 1131 607 1203 Wolch²a
635 1133 752 1194 Einleit.
784 1133 839 1193 Th.
864 1134 889 1201 l.
918 1155 949 1214 p.
977 1141 1042 1202 219
1068 1157 1152 1216 seqq.

235 1216 295 1279 Po.
318 1219 346 1283 J.
369 1220 512 1296 Spener’c‘
525 1216 645 1279 wahrh.
668 1218 838 1298 Euathlung
859 1219 979 1296 desuem
1000 1242 1064 1281 was
1084 1242 1151 1282 we·

235 1321 290 1390 gen
313 1303 366 1367 des
387 1313 589 1382 rogenanntan
609 1304 742 1363 Pielisrni
761 1305 793 1363 in
816 1303 1019 1369 Deutsclrland
1040 1328 1149 1388 vorge-

201 1395 205 1410 ¹
234 1407 357 1467 gangen.
383 1394 475 1454 1697.
495 1393 543 1453 12·
588 1390 731 1450 Walch's
744 1389 820 1455 Einl.
836 1388 893 1455 Th.
908 1389 931 1454 Ι.
945 1410 976 1470 p.
990 1392 1053 1466 547
1066 1412 1149 1473 seqq.

233 1471 289 1539 Th·
310 1470 348 1540 ll.
368 1493 399 1562 p.
421 1477 505 1548 1018
525 1493 607 1556 seqq.
649 1474 707 1536 uh.
727 1475 765 1541 V.
785 1495 816 1560 p.
841 1481 856 1541 1
879 1494 961 1555 seqq.

456 1840 461 1851 ι
570 1795 722 1898 §.rra
1025 1743 1027 1747 ’

153 1999 157 2008 ’
245 2003 300 2076 Er
324 2013 424 2104 parte
447 2013 560 2076 autem
582 2005 741 2099 opposita
758 2005 844 2075 inter
862 2001 1012 2079 Hilario
1033 2029 1142 2087 eenn-

141 2108 266 2201 gelieo
299 2109 361 2199 (ut
391 2119 526 2184 veteres-
547 2109 720 2202 Theologi
751 2109 856 2180 laetos
883 2118 1022 2179 eventus
1046 2111 1141 2180 dice·

131 2213 248 2304 'bant)
273 2213 362 2281 haec
386 2214 594 2306 potissimum
620 2224 697 2286 sunt
720 2210 915 2280 referenda:
966 2213 994 2285 l.
1021 2213 1140 2282 Studia

142 2325 178 2384 et
202 2316 350 2387 instituta
370 2317 517 2411 pietatis,
544 2315 665 2404 quibus
684 2316 780 2383 multi
801 2314 864 2381 viri
885 2314 975 2382 docti
999 2324 1033 2386 et
1053 2339 1139 2407 pro-

140 2417 196 2505 bi,
227 2421 296 2489 sine
322 2421 456 2491 rationis
478 2430 513 2492 et
531 2419 691 2492 libertatis
711 2417 907 2493 christianae
928 2417 1137 2506 detrimento,

140 2523 307 2595 sincerum
340 2523 512 2621 religionis
542 2532 578 2607 et
611 2522 737 2591 virtutis
772 2543 923 2590 amorem
947 2531 1050 2613 atque
1076 2546 1136 2590 ex-

140 2626 291 2697 ercitium
316 2627 490 2711 foverunt,
516 2648 699 2716 veramque
723 2623 952 2714 Theologiam
977 2647 998 2692 a
1023 2624 1136 2694 Scho-

137 2729 246 2797 larum
272 2718 584 2823 philosophicarum
614 2739 649 2798 et
673 2727 941 2820 theologicarum
961 2727 1136 2813 'subtilita-

137 2834 229 2901 tibus
257 2846 358 2924 atque
391 2835 530 2926 argutiis
562 2831 779 2902 vindicarunt.
831 2829 874 2902 ll.
912 2829 1005 2902 Cura
1038 2831 1135 2900 inde-

137 2937 226 3003 fessa
258 2961 299 3004 ac
330 2936 495 3028 prudens,
530 2959 597 3026 qua
628 2937 743 3028 plnres
777 2934 863 3001 inter
894 2925 1066 3025 Principes
1101 2944 1135 3002 et

136 3037 295 3109 Politicos
322 3040 522 3108 Germaniae
547 3041 731 3133 litterarum
757 3036 921 3121 studium,
947 3038 1074 3105 virtutis
1101 3047 1135 3105 et

134 3142 272 3234 pietatis
296 3143 505 3226 exercitium,
542 3128 577 3210 et
601 3142 694 3239 pacis
725 3139 1006 3207 conservationem
1034 3140 1134 3232 arlin-

134 3253 265 3317 varont.
324 3245 389 3316 ln.
423 3246 600 3316 Sincerum
632 3268 673 3313 ao
703 3243 895 3314 modestum
925 3242 1073 3313 studium
1110 3265 1132 3310 a

134 3347 358 3440 scriptoribus
387 3349 569 3442 praeclaris
597 3347 772 3439 praeteriti
797 3345 970 3435 nostrique
996 3346 1149 3437 saeculi,-

132 3453 170 3521 ln
196 3452 433 3545 oppugnanda
455 3451 706 3546 superstitione,
730 3447 927 3525 stabilienda
944 3449 1080 3517 veritate
1097 3457 1132 3519 et

132 3554 352 3624 defendenda
384 3557 478 3650 justa
515 3553 686 3648 cogitandi
720 3561 755 3621 et
788 3551 932 3623 docendi
966 3552 1130 3650 libertate,

132 3659 392 3729 manifestatum.
417 3660 477 3730 lv:
490 3657 605 3756 Major
621 3656 793 3748 diligentia
814 3655 1001 3745 meliorque
1016 3653 1130 3728 neth-

131 3759 222 3830 odus
248 3761 463 3854 juventutem
492 3762 727 3856 populumque
765 3757 954 3845 educandi,
993 3767 1028 3828 et
1060 3781 1130 3829 non

130 3865 243 3934 solum
266 3866 300 3933 in
326 3868 466 3955 scholis,
491 3865 553 3938 sed
578 3865 678 3933 etiarn
701 3863 738 3932 in
762 3860 904 3930 ecclesia
927 3861 1131 3933 instituendi.
1250 3878 1256 3889 ‘

131 3968 175 4047 v.
205 3967 383 4042 Laetioree
411 3982 446 4042 et
461 3968 670 4059 ,salubriores
695 3965 885 4062 proiectus,
918 3964 1014 4037 utin
1038 3965 1130 4039 omui
