2572 4732
131 443 209 519 118
267 445 352 517 Pars
372 442 416 515 ll.
450 439 614 513 Historia
635 437 757 511 areles.
779 437 891 509 medii
910 438 1011 508 aeui.'
1108 547 1115 561 ⁸

134 635 307 706 confessus
329 654 440 721 neque
454 628 645 715 convictus,
670 649 832 696 revocare
845 627 968 720 nollet,
981 648 1014 698 a.
1031 621 1137 695 1415

135 741 170 814 d.
203 738 270 808 Vll
306 736 390 807 iulii
426 733 568 802 flammis
614 731 773 818 traditus,
823 754 925 822 quem
964 755 996 805 a.
1031 729 1136 799 1416

135 843 373 932 Hieronymus
398 837 597 932 Pragerrsis
621 836 744 905 eodem
770 835 956 928 supplicio,
983 837 1137 926 quamuis

136 945 257 1016 minosi
286 944 489 1032 constantia,
518 942 713 1030 insequutus
748 948 810 1010 est.
860 940 940 1008 lloe
963 941 1139 1031 utriusque

137 1049 300 1140 Martyris
326 1047 494 1140 supplicio
517 1045 552 1113 in
576 1043 744 1113 Bohemia
776 1042 965 1114 rebellionis
998 1054 1032 1113 et
1058 1047 1140 1115 belli

137 1155 275 1222 flamma
308 1173 468 1235 accensa,
501 1157 535 1217 et
560 1171 648 1217 nova
679 1147 782 1215 factio
807 1147 1038 1218 Hussiturum
1070 1152 1140 1221 sive

140 1244 314 1327 Fratrum
337 1253 607 1322 Boltemicorum
633 1251 679 1319 de
700 1252 853 1321 omnibus
879 1253 1024 1323 duorum
1042 1254 1140 1325 Mar·

140 1369 255 1452 tyrum
280 1367 316 1426 et
347 1359 548 1426 Sanctorum
580 1356 615 1423 in
642 1355 811 1426 Bohemia
843 1365 878 1425 et
902 1357 1048 1427 Saxonia
1073 1357 1142 1429 ho-

142 1465 246 1534 stibus
283 1461 544 1530 crudelissimam
576 1459 693 1527 sumsit
717 1459 908 1533 vindictam.
962 1461 1142 1534 Conditio-

141 1590 207 1636 nes
245 1564 421 1656 aequiores
446 1562 590 1631 Hussitis
614 1562 649 1630 in
672 1562 824 1632 Concilio
849 1565 1031 1636 Basileensi
1059 1591 1145 1636 con·

145 1691 259 1739 cessae
293 1692 414 1761 pacem
446 1669 622 1736 restituere
653 1662 720 1735 nin
745 1670 938 1760 valuerunt,
969 1669 1006 1739 id
1031 1681 1146 1741 tamen

73 1810 75 1817 1
145 1773 350 1861 effecerunt,
381 1782 418 1839 ut
450 1771 632 1856 Hussitae,
670 1770 705 1838 in
738 1773 845 1841 varias
881 1775 999 1844 Sectas
1048 1775 1174 1845 divisi.

146 1877 364 1967 (Treboniae,
396 1874 559 1960 Calixtini,
585 1898 611 1947 s.
637 1874 972 1969 Pseudo-Hassitae,
1002 1876 1146 1971 Orpha-

145 1980 197 2070 ni)
223 1987 257 2047 et
286 1979 373 2047 inter
387 2007 392 2017 ·
405 2002 442 2048 se
474 1977 584 2065 scissi,
618 1976 759 2050 faciliori
791 1983 930 2076 negotio
969 1983 1148 2076 oppsime-

146 2089 271 2152 rentur.

191 2357 238 2422 Io.
258 2357 363 2416 Husri
383 2354 516 2414 amatio
538 2354 576 2415 da
595 2355 688 2414 initiis
721 2364 752 2413 et
771 2376 929 2437 progressu
951 2359 1150 2418 certaminum

20 2461 25 2466 ⁷
110 2486 111 2489 ,
234 2461 370 2506 suorum.
412 2438 553 2500 Actiones
574 2449 605 2499 et
624 2451 819 2500 monumenta
845 2443 1030 2523 Martyrum,
1060 2446 1152 2524 quia

235 2526 369 2588 Wicleffo
393 2533 424 2583 et
444 2525 543 2586 Husso
566 2526 605 2585 ad
628 2535 763 2586 nostram
783 2525 864 2588 hanc
884 2538 1009 2590 aetatem
1026 2531 1060 2590 in
1073 2532 1153 2592 Ger-

235 2614 335 2671 mania
356 2618 413 2670 etc.
437 2613 595 2671 veritatem
617 2613 814 2692 evangelicam
834 2616 975 2695 sanguine
999 2637 1054 2677 suo
1077 2638 1153 2678 con-

236 2705 352 2757 stanter
373 2697 576 2776 obsignarunt.
597 2697 710 2763 Gener.
734 2702 824 2766 1660.
845 2700 878 2766 4.
987 2700 1007 2742 ³„

193 2797 326 2860 Historia
347 2808 378 2858 et
398 2808 592 2860 monumenta
613 2803 659 2868 lo.
679 2801 770 2862 Hussi
782 2812 871 2883 atque
887 2802 1064 2885 Hieronymi
1076 2803 1155 2864 Pra-

238 2886 345 2966 gsnsis.
363 2885 498 2949 Norimb.
521 2886 650 2953 1715.f.

69 3046 71 3051 .
194 2987 339 3071 Seyfrr'ed
357 2989 396 3048 de
416 2989 506 3050 Hussi
527 2998 619 3064 ortu,
642 2987 833 3067 educatione,
859 2991 981 3064 studiis,
1004 2990 1155 3067 doctrina,

187 3154 188 3158 Ἰ
238 3075 332 3227 ἶὶγῐὲέ.
350 3084 450 3226 {rorte
475 3085 507 3137 et
533 3076 660 3156 scriptis.
688 3081 782 3145 1729.
803 3075 833 3140 4·
861 3077 918 3140 Ed,
950 3076 1023 3158 ΙΟΙιν.
1050 3078 1156 3158 Multi.

15 3296 18 3311 ·
114 3276 118 3290 ‘
199 3263 335 3344 Gilpin’a
354 3258 532 3342 Biograpliie
554 3259 608 3322 der
627 3260 844 3324 bekanntesten
856 3263 1085 3325 Reformatorem
1099 3283 1158 3325 vor

238 3347 368 3424 Luther,
391 3347 459 3408 loh,
476 3346 610 3426 Wicliffs,
631 3346 700 3416 Joh.
718 3348 799 3409 Huss
813 3358 872 3416 ete.
912 3350 975 3410 lus
991 3349 1059 3409 dem
1071 3350 1159 3431 Engl.

238 3435 337 3495 iibere.
358 3437 452 3500 1769.
474 3437 505 3499 8.

197 3536 305 3602 Joaoh.
330 3536 503 3596 camerarii
530 3532 638 3596 histor.
668 3537 804 3598 narratio
827 3537 865 3597 de
884 3537 1027 3598 Fratrum
1049 3535 1160 3597 ortho-

241 3621 393 3683 doxorum
418 3620 550 3681 eeclesiis
576 3621 609 3682 in
631 3622 792 3696 Bohemia,
817 3623 952 3687 Moravia
973 3632 1005 3683 et
1023 3623 1159 3684 Polonia.

197 3811 227 3877 J.
241 3705 325 3882 12⁰5
315 3709 450 3876 &agnionis
469 3812 596 3876 historia
613 3808 756 3872 Fratrum
778 3811 989 3875 Bohemorum.
1014 3814 1108 3879 1702.
1131 3809 1162 3879 4.

199 3915 334 3981 Historia
360 3919 431 3980 belli
458 3917 601 3980 Hussitiei
627 3924 748 3978 auctore
767 3915 846 3978 Aen.
875 3918 999 3996 Sylvio,
1021 3917 1161 3992 Lenfant

239 4005 283 4071 L.
305 4004 447 4087 Byryuo,
467 4005 503 4066 Ζ.
529 4003 700 4066 Throbaldo
739 4005 783 4068 le.
809 4001 847 4063 de
865 4000 1044 4064 Beuusoboe
1068 3999 1109 4069 al'.
