2572 4732
119 433 130 453 ’
194 437 315 515 ιιι
346 439 405 510 ,ιι
418 441 512 534 urg.
528 438 613 512 ιιι.
627 407 703 550 ιιι,
718 462 791 536 usq.
807 441 862 515 aa
879 439 994 516 mna.
1009 438 1143 514 ιιιι

182 624 212 687 J.
233 627 327 687 Gru
348 629 450 707 Paper
470 625 522 685 de.
534 627 711 706 apostolicae
739 627 875 688 ecclesiae
896 627 1038 708 exemplo
1056 636 1145 690 caute

229 711 410 773 adhibendo.
435 717 526 778 1790.
547 714 567 776 f.

184 799 212 862 J.
230 798 447 951 1ιξῖιιῖιιιιξιιιι
468 798 631 860 Tralatitiis
653 818 691 859 ιιι
713 800 890 860 Gentilismo
916 799 949 859 in
970 799 1054 880 relig.
1076 783 1143 863 chr.

579 1068 707 1169 §.ru

145 1230 150 1239 ”
219 1223 452 1319 Reipublicae⁴
469 1225 669 1302 christianae
690 1211 818 1314 forma,
844 1226 981 1319 qualem
1007 1249 1095 1295 saec.
1112 1225 1140 1301 ι.

140 1338 176 1399 ιι
201 1329 246 1399 ll.
272 1329 577 1422 deprehendimus,
613 1332 867 1420 quodammodo
897 1331 1143 1400 democratiea
1196 1339 1200 1343 ’

141 1436 209 1502 dici
234 1443 366 1525 potest,
407 1434 484 1535 quia
510 1434 602 1526 apud
635 1437 826 1504 universum
861 1435 982 1527 populi
1007 1444 1142 1505 coetum

99 1536 102 1547 '
133 1538 193 1630 jus
221 1548 256 1606 et
276 1546 428 1628 potestas
457 1537 603 1629 eligendi
632 1541 862 1632 praepositos,
897 1539 1072 1625 doctores,
1096 1548 1142 1606 'et

140 1641 309 1709 ministros
337 1650 419 1709 erat.
473 1639 596 1709 Coetui
621 1653 734 1711 autern
769 1665 866 1710 sensu
892 1641 1047 1709 strictiori
1073 1664 1141 1709 non

139 1745 202 1821 nisi
223 1743 368 1814 Fideles
394 1743 565 1836 (neerei),
599 1745 667 1812 hoc
691 1756 758 1832 est,
783 1747 830 1813 iili
860 1745 1057 1828 Christiani,
1084 1746 1142 1835 qui

140 1858 426 1925 sacramentorum
456 1857 490 1916 et
526 1849 727 1940 Agaparum
753 1850 935 1950 participes
962 1857 1074 1934 erant,
1107 1858 1142 1916 et

128 1951 316 2053 flatrum,
353 1973 582 2044 sororumque
606 1975 730 2026 nomen
755 1945 942 2046 gerebant,
967 1951 1142 2055 {adnume-

139 2057 310 2124 rebantur.
363 2055 474 2124 Sensu
494 2052 604 2130 latiori
625 2068 738 2132 autem
758 2057 862 2131 etiam
888 2054 1143 2132 catechumeni

141 2150 464 2252 (κατηχούμενοι),
502 2180 646 2248 quorum
673 2159 818 2232 maxima
842 2154 922 2252 pits
946 2166 1025 2227 tunc
1051 2155 1141 2226 te'm-

139 2264 234 2356 poris
256 2285 324 2346 non
349 2262 512 2350 infantes,
538 2259 600 2330 sed
620 2260 735 2344 adulti¹
753 2271 864 2350 erant,
891 2262 1055 2333 ecclcsiae
1075 2260 1142 2330 ad-

140 2366 259 2459 scripti
284 2373 370 2438 sunt
415 2381 419 2389 '

180 2537 226 2596 De
253 2535 394 2594 classibus
421 2530 659 2595 Christianorum
686 2521 720 2597 r.
733 2569 735 2575 ,
749 2531 1057 2615 Denkwiirdigkeiteu
1086 2551 1141 2593 uua

226 2620 282 2682 der
303 2619 367 2682 chr.
388 2618 593 2703 Archiologie.
614 2621 671 2685 Τιι.
684 2621 733 2682 XI.
754 2642 784 2702 p.
798 2622 840 2687 35
853 2639 934 2701 seqq.

574 2856 700 2965 §.rr
805 2895 811 2913 x

146 3101 148 3105 ,
224 3016 278 3086 De
315 3017 504 3089 discrimine
541 3019 629 3088 inter
667 3017 864 3089 Praesutea
903 3023 938 3085 et
976 3009 1143 3082 Seniorea
1213 3004 1215 3009 ’
1246 3037 1264 3095 χ

137 3141 328 3211 eorumque
354 3123 487 3208 officio,
523 3133 634 3192 utrum
660 3120 874 3192 solummodo
908 3141 962 3188 res
989 3124 1141 3184 externas
1255 3116 1257 3119 ’

138 3227 349 3323 certaverint,
383 3232 453 3293 art
450 3228 574 3295 simu}
591 3227 758 3296 docendi
752 3236 908 3294 munue-
921 3218 1141 3304 exerceatur,

138 3318 334 3420 ambigitur.
381 3328 474 3427 Sed
481 3328 580 3397 hoc
588 3340 737 3420 certum,
777 3333 893 3396 voces
912 3313 1143 3427 npeotiaireooe

140 3440 175 3500 et
202 3432 385 3506 ἐπίσκοποι
403 3433 519 3524 primis
544 3435 753 3525 temporibus
779 3431 914 3521 saepius
935 3446 1144 3523 synonymus
1208 3421 1220 3438 '

139 3528 255 3606 fuisse
298 3536 469 3606 Adsuetis
490 3535 658 3629 *deinceps
674 3547 780 3626 atque
800 3531 1010 3625 amplificatis
1023 3528 1143 3597 eccle-

141 3639 217 3731 siis,
250 3649 288 3713 ut
313 3641 512 3711 omniarite
540 3649 579 3709 et,
599 3637 751 3734 ordinate
776 3641 915 3724 fierent,
946 3634 1054 3704 visum
1080 3639 1143 3718 est,

139 3744 352 3836 praesulibus
379 3747 415 3814 et·
439 3745 622 3815 senioribus
648 3745 756 3811 virum
776 3742 981 3834 prudentem
995 3745 1036 3805 et
1052 3743 1166 3827 ·pro-'

140 3850 260 3918 batum
286 3849 490 3938 praeficere,
525 3849 582 3937 qui
612 3847 746 3916 titulum
779 3847 967 3928 ἐπίσκοπος
997 3845 1143 3933 gereret,

142 3961 179 4022 et
204 3975 226 4018 a
244 3975 315 4040 quo
330 3975 489 4042 suprema
514 3954 677 4022 ecclesiae
703 3947 945 4026 administratio
961 3953 996 4012 et
1014 3943 1143 4037 guber-

141 4054 235 4127 natio
259 4057 458 4151 penderet
487 4057 566 4127 Hoc
584 4057 661 4153 jam
675 4054 810 4127 sacerdo
827 4052 873 4123 ll.
890 4053 939 4122 in
961 4047 1145 4121 institutum
