2572 4732
101 504 104 509 ,
156 422 243 543 ,21
307 423 648 525 resumsera-
666 381 1057 520 eructuassem-
1213 535 1215 539 .

177 612 351 695 nachismo
376 616 487 706 magis
513 616 689 707 magisque
716 617 871 707 rigente,
896 616 996 687 etiam
1023 638 1178 687 commu-

175 719 231 786 nlo
257 719 476 809 possessionis
502 719 656 797 obtinuit.
722 765 725 767 -
754 723 756 728 '
1205 717 1207 722 ’

209 877 256 946 «15
266 888 475 947 Lam-,aem
491 887 538 947 'de
559 875 637 949 rera‘
653 873 762 950 natura
776 878 1008 949 =communionis
1028 866 1180 949 bonorum

255 972 296 1047 vin
323 973 424 1034 eccles.
447 974 593 1043 Hierosol.
610 974 656 1038 'V.
680 975 832 1040 Dissertah
860 973 900 1033 ad
926 972 1085 1043 historiam
1107 973 1179 1038 eccl.

235 1139 237 1144 .
263 1059 372 1143 pertin.
396 1061 430 1120 Τ.
445 1061 467 1119 l.
486 1081 516 1141 p.
535 1065 647 1138 tseqq,

242 1471 476 1563 ,Disciplinam
495 1495 628 1565 morum
646 1475 680 1548 in
706 1473 848 1542 ecclesia
867 1470 1036 1564 primitiva
1058 1469 1182 1538 admo·
1269 1514 1271 1518 v

152 1664 154 1667 Ι
182 1574 266 1643 dum
306 1576 408 1663 luisse
449 1577 659 1668 rigorem,
706 1599 838 1648 omnes,
859 1576 985 1665 antiqui
1019 1581 1183 1654 testantur

180 1679 372 1770 scriptores.
431 1678 514 1769 lpse
533 1669 591 1748 ¹eu
625 1681 827 1748 Hebraismo
869 1678 1035 1746 derivatus
1069 1678 1183 1745 titulus

183 1783 227 1851 ol
257 1773 398 1875 ἅγιοι,
430 1805 499 1872 quo
530 1807 565 1853 se
600 1781 780 1868 Christiani
814 1784 997 1866 ornabant,
1014 1779 1067 1847 ad
1094 1782 1184 1848 vitae

181 1886 407 1977 integritatem
420 1909 620 1976 morumque
642 1887 847 1977 probitatem
865 1885 1075 1959 hortabatur.
1086 1928 1088 1932 -
1101 1879 1183 1954 hlos

183 1985 363 2081 sceleratos
393 1998 427 2056 et
452 1991 654 2081 profligatae
680 1992 768 2075 vitae
801 1989 954 2058 homines
981 2009 1184 2062 exeommu-

183 2091 330 2160 meandi
347 2091 509 2184 judaicae
542 2105 593 2160 est
625 2094 761 2184 originis
793 2102 828 2162 et
859 2095 892 2160 in
921 2093 1075 2164 omnibus
1111 2091 1185 2159 fere

96 2209 103 2220 “
183 2193 394 2290 «Iudaeorum
428 2195 587 2282 Chorom-
606 2188 797 2286 (ἀνάθεμα)
828 2195 1023 2288 respondet
1075 2194 1185 2263 Τοπι-

182 2320 273 2391 pore
291 2300 538 2391 persecutionis·
555 2299 661 2391 Lapsi
687 2302 926 2369 creberrimam
953 2298 1185 2367 excommuni-

186 2402 285 2478 candi
320 2404 530 2470 occasionem
549 2402 741 2477 ¹dederunt.
795 2402 1039 2489 Montanistae,
1066 2403 1186 2470 Nora-

185 2506 284 2594 siant,
313 2503 489 2572 Meletiani
512 2514 546 2573 et
571 2506 785 2592 Donatistae,
820 2506 854 2572 in
881 2506 948 2573 hac
975 2527 1076 2573 causa
1101 2528 1186 2598 prae

187 2609 305 2680 ceteris
331 2609 490 2700 rigorem,
531 2630 598 2677 non
632 2609 846 2703 vituperandi
881 2608 1019 2698 quidem
1044 2618 1187 2700 propter

185 2709 343 2803 insigne,
356 2733 425 2800 quo
443 2713 660 2792 tenebantur,
687 2714 820 2805 pietatis
843 2712 1006 2781 studium:
1040 2721 1187 2783 attamen

185 2817 296 2906 magis
327 2815 502 2882 laudandi·
515 2815 682 2890 Catholici
713 2817 760 2886 ob
784 2815 950 2886 mitiorem
979 2816 1128 2888 animum
1154 2826 1189 2885 et

186 2920 379 3007 aequiorem
406 2928 439 2992 et
463 2919 631 3011 religionis
649 2920 721 2993 chr.
736 2920 838 3012 genio
865 2931 899 2987 et
925 2918 1086 2987 ecelesiae
1104 2943 1187 2988 con-

188 3022 261 3095 silio
297 3023 405 3114 magis
438 3032 696 3091 consentaneam
731 3023 915 3114 rationem,
956 3044 1023 3119 qua
1057 3022 1189 3093 Poeni·

187 3130 299 3195 lentes
324 3133 468 3195 tractare
495 3126 660 3201 solebant

217 3292 303 3354 etr.
326 3295 360 3353 R
384 3295 479 3374 Quall
491 3295 527 3354 de
547 3295 864 3364 excommunicationis
886 3297 997 3377 origine
1018 3296 1051 3356 iu
1066 3295 1189 3376 antiqua

274 3379 405 3438 eeclesia.
431 3382 521 3446 1759.
544 3381 573 3444 4.
937 3448 941 3459 ,

230 3463 293 3537 Ad.
306 3464 499 3546 ΗεαΙιεηόενςΓ
512 3467 632 3525 Dissert.
646 3467 682 3526 ll.
705 3465 742 3525 de
758 3466 913 3546 disciplina
933 3465 1033 3524 eccles.
1051 3468 1143 3530 1670.
1159 3464 1188 3533 1·
1232 3464 1236 3472 ’

241 3549 351 3611 meod.
383 3551 498 3630 &liger
535 3552 693 3612 observat.
726 3552 765 3612 ad
797 3551 1003 3613 illustrandam
1033 3551 1190 3612 historiam

274 3637 424 3694 censurae
445 3636 515 3696 eccl.
543 3643 634 3703 1719.
659 3637 690 3701 4.

232 3721 257 3782 J.
285 3721 355 3779 cha
377 3724 501 3781 Ernesti
523 3722 560 3781 de
581 3723 709 3802 antiquo
728 3721 1044 3783 excommunicationis
1064 3720 1136 3784 ritu.
1159 3718 1188 3784 4.

233 3807 325 3873 dH.
349 3809 469 3869 Kraum
489 3808 526 3866 de
547 3810 648 3888 baptis
668 3809 837 3889 primitivae
858 3808 928 3868 eccl.
952 3813 1043 3873 1706.
1066 3805 1096 3869 4.

180 3944 183 3948 .
223 3889 307 3953 -Ctn
333 3893 445 3971 Pceyer-
476 3895 608 3959 Exercit.
644 3893 680 3952 de
717 3915 824 3972 magno
851 3903 913 3955 vet.
943 3893 1081 3954 ecelesiae.
1111 3892 1188 3952 circa

276 3972 462 4038 Paenitentos
483 3981 588 4059 rigore.
614 3977 706 4045 1795.
728 3977 759 4042 4.

149 4120 152 4127 ,
182 4065 185 4069 ’
232 4061 278 4137 Η,
299 4061 388 4132 ‚Rode
410 4064 447 4135 de
468 4065 563 4131 abusu
584 4065 787 4130 Paenitentiac
806 4062 882 4132 coel.
944 4084 946 4089 ’
