2572 4732
135 449 189 522 68
228 528 232 540 ,
279 449 404 521 Persi.
440 447 605 520 Hectoris
625 449 800 521 ecclesiae
818 450 996 543 antiquae.

80 688 87 697 -
137 638 389 730 absorptionem
414 636 583 707 humanae
597 647 736 707 naturae
753 638 883 707 docuit·
903 638 969 706 ¹¹lu
995 637 1139 729 Synodo

138 768 169 812 a.
189 741 265 810 448
284 743 346 810 sub
365 741 542 811 Flaviano
567 753 638 811 tam
662 743 750 812 male
777 764 912 811 causam
939 739 1036 811 suain
1064 766 1140 811 sns-

13 840 15 845 Α
137 847 249 929 tinuit,
285 855 323 913 ut
350 846 567 913 damnaretur
601 856 635 915 et
663 847 707 914 ab
741 840 856 914 officio
893 845 1161 937 deponerem·

138 973 241 1039 quam
266 950 463 1018 senteutiam
488 951 561 1019 Leo
587 949 670 1036 M...
694 948 739 1017 ad
765 972 867 1038 quem
893 957 1141 1041 provocaverat

138 1051 331 1142 Eutyches,
374 1054 592 1125 confirmavit.
656 1051 778 1144 Cyrilli
819 1063 933 1123 tamen
966 1074 1141 1123 successor

143 1156 336 1225 Dioscorus
363 1157 398 1225 in
423 1157 617 1227 Latrocinia
648 1156 825 1248 Ephesino
853 1158 900 1247 (a.
924 1155 1045 1248 449),
1087 1157 1141 1224 in-

139 1259 251 1352 dignis
274 1269 374 1350 atque
400 1259 529 1352 injustis
552 1261 670 1346 armis,
697 1260 878 1350 Eutychen
895 1261 942 1329 in
961 1261 1141 1352 integrum

141 1363 290 1434 restituit
344 1363 416 1434 Sed
440 1364 645 1456 paulopost
667 1386 698 1431 a
717 1361 792 1430 451
818 1363 1007 1432 Concilium
1033 1362 1142 1433 chal·

140 1464 329 1535 redonense
349 1466 517 1587 judicium
542 1467 696 1542 Flaviani
725 1477 761 1534 et
783 1467 954 1536 Leonisl
980 1476 1142 1572 tanquam

139 1571 255 1661 legem
285 1571 479 1638 canonicam
511 1572 638 1661 sanxit,
680 1571 873 1662 pariterque
903 1554 1143 1641 Nestorianum

140 1683 253 1762 atque
264 1673 513 1764 Eutychianum
540 1676 668 1768 dogma
687 1675 811 1742 falsum
833 1674 1026 1752 declararit.

181 1840 357 1903 Breviculus
384 1841 525 1903 historiae
562 1844 869 1922 Eutychianiatarum.
906 1844 961 1904 Ed.
988 1844 1142 1904 Sirmond.

210 1926 304 2005 -.0pp
320 1928 360 1985 “Τ.
377 1929 402 1990 l.
425 1929 565 1988 Gallandi
587 1930 661 1992 Bibl.
683 1931 761 1989 Patr.
784 1934 818 1990 Τ.
832 1932 871 1990 Χ.
893 1951 924 2009 p
939 1932 1001 1995 665
1016 1950 1098 2008 seqq

186 2010 220 2072 C.
231 2013 274 2073 A.
290 2013 383 2093 Salig
404 2014 441 2072 de
462 2014 708 2095 Eutychianismo
722 2026 791 2075 ante
807 2015 972 2096 Eutychen.
998 2020 1091 2080 1723.
1113 2016 1144 2081 4

183 2096 348 2156 Schroeder
376 2096 526 2181 (Haase)
555 2102 592 2160 de
620 2101 863 2181 Eutychiauismo
898 2102 1043 2183 ejusque
1051 2102 1146 2164 variis

223 2183 318 2242 sectis.
341 2185 432 2250 1746.
451 2185 486 2262 4.

173 2269 208 2328 J
233 2269 270 2330 G.
300 2269 428 2342 Schmid
462 2272 499 2331 de
524 2270 671 2350 Eutychis
699 2272 736 2332 de
767 2273 877 2334 unione
906 2281 1082 2334 naturarum
1111 2273 1145 2332 in

226 2352 347 2415 christo
370 2359 529 2441 sententis.
555 2361 645 2427 1794.
669 2357 699 2423 4.

580 2636 618 2738 s.
645 2642 706 2712 so.

221 2806 370 2877 Taumm
402 2818 513 2880 autem
547 2815 675 2903 abfuit,
713 2821 750 2883 ut
776 2813 918 2882 decretis
947 2811 1147 2882 Chalcedo-

142 2912 299 2980 nensibus
332 2936 401 3005 pax
430 2916 675 3006 restitueretur,
724 2928 762 2986 ut
786 2919 880 2985 novis
911 2918 1147 3011 gravioribus-

143 3018 211 3103 que
234 3015 375 3084 dissidiis
393 3021 525 3088 occasio
540 3023 772 3113 praeberetur.
824 3023 913 3089 Nam
931 3021 1146 3106 Horremus,
1191 3050 1196 3069 ¹

144 3118 267 3207 Syrus,
312 3129 347 3188 et
377 3120 613 3211 Theodosius,
644 3125 837 3193 Monachus
877 3126 1145 3212 Palaestinensis,

13 3224 17 3233 ’
122 3219 329 3301 ‚doctrinam
357 3222 673 3296 chalcedonensem
709 3228 765 3350 de
781 3228 954 3296 duabus
946 3252 979 3295 ιιι
1007 3227 1146 3296 Christo

143 3324 288 3413 naturis,
331 3334 364 3392 et
390 3318 431 3396 cd
455 3321 654 3418 ὁμοούσιον
682 3323 768 3400 κατὰ
797 3323 860 3424 τὴν
889 3322 1147 3424 ἇνθρωπότητα

49 3472 52 3477 -
144 3428 300 3495 atrociter
319 3428 575 3523 impugnantes,
604 3459 682 3503 curn
701 3435 924 3525 Dyophysitis
946 3437 993 3502 nil
1015 3434 1145 3503 habere

142 3530 319 3598 voluerunt
345 3556 532 3609 commune.
585 3539 720 3606 Eorum
739 3548 853 3629 partes
871 3539 1002 3625 sequuti
1025 3538 1146 3606 Timo-

142 3631 266 3709 urus
276 3621 475 3721 Aelana,
493 3639 642 3711 Petrus
634 3641 843 3733 Mergus,
872 3640 1002 3709 Petrus
1038 3641 1147 3710 Fullo

144 3735 326 3839 multique.
336 3739 410 3822 alii,
441 3744 571 3831 quibus
589 3768 713 3815 nomen
737 3743 1101 3835 Mouoplrysitarum
1092 3769 1147 3815 ιιι

45 3900 48 3906 ,
143 3835 266 3926 ditum,
292 3864 362 3911 uon
386 3852 456 3912 tam
479 3869 613 3917 causam
632 3847 877 3938 theologicam,
905 3871 1006 3936 quam
1030 3849 1144 3938 potius

142 3939 318 4060 politicam
340 3957 492 4037 egerunt
544 3953 642 4021 Nova
663 3951 809 4021 formula
840 3950 1002 4043 Trrsogii
1024 3951 1146 4044 (roco

142 4032 243 4134 (lycon
283 4069 310 4115 a.
346 4047 505 4141 Hymmu
533 4054 783 4157 Serapidem),
823 4070 910 4144 quae
944 4054 1153 4129 Philoxeno.
