2572 4732
183 396 184 400 i
257 412 400 529 nonu.
424 453 519 525 nat.
533 450 617 522 eon
638 450 771 522 Graec.
786 457 822 521 u
838 444 1022 522 onena*
1057 451 1136 525 usn

134 633 263 738 tychis,
295 640 615 735 Menophysitarum
644 647 678 708 et
703 638 1014 709 Monntheletamm
1040 665 1137 712 cnm-

134 755 367 819 memoratum.
419 748 494 813 Nec
524 742 654 812 meliori
686 743 778 834 frugi
806 753 928 834 postea
958 745 1033 814 ilios
1061 770 1136 817 esse

134 853 263 938 factm,
288 851 425 919 historia
449 846 715 938 Byzantinurum
738 847 940 937 scriptorum
964 849 1041 917 satis
1068 850 1135 917 do»
1166 885 1170 887 ‡
1198 870 1201 876 ·

136 964 209 1041 cet,
232 953 326 1046 cnjus
352 954 443 1024 nulla
467 943 540 1020 fere
564 951 694 1042 pagina
719 958 787 1038 est,
813 972 990 1042 qnaejnnn
1008 953 1136 1043 aliquid

135 1059 244 1143 stulti,
274 1056 422 1126 scandali
449 1064 556 1143 ,atque
588 1053 717 1120 horridi
752 1077 773 1119 a
804 1040 988 1124 Mnuaciris,
1013 1057 1135 1147 patrati

136 1163 314 1230 contineat.
364 1157 527 1227 Monachi
550 1157 687 1245 quidem
706 1154 806 1247 juxta
824 1157 979 1247 tegulam
1002 1157 1039 1227 S.
1056 1159 1135 1228 Bu-

134 1265 207 1335 sitii
232 1265 397 1348 viventes,
432 1283 577 1350 qnorum
600 1259 721 1327 cohors
748 1258 793 1325 ad
814 1281 873 1327 sex
898 1261 1001 1328 millia
1025 1285 1137 1331 assur-

135 1391 220 1461 gens
235 1369 277 1434 >in
301 1375 418 1435 monte
442 1363 558 1434 Athos
583 1363 618 1430 in
643 1362 815 1454 sexaginta
835 1361 988 1457 quinque
1009 1364 1136 1433 Mona-

136 1468 243 1540 steriis
268 1469 415 1558 habitat,
441 1467 546 1559 paulo
571 1466 717 1534 melioris
743 1474 818 1533 sunt
842 1462 971 1549 notae(
986 1476 1021 1536 et
1044 1468 1136 1537 litte-

135 1576 183 1667 ris
205 1575 399 1662 artibusque
422 1570 549 1660 aliquid
569 1568 741 1637 commodi
765 1571 963 1653 attulerunt3
1001 1570 1062 1639 sed
1082 1579 1136 1640 ta·

136 1701 216 1748 men
241 1701 318 1745 eum
342 1674 638 1745 Benedictinorum
659 1671 916 1740 occidentalium
934 1674 1054 1743 virtute
1078 1675 1136 1742 lit-

136 1782 259 1850 teraria
278 1803 348 1849 uon
361 1787 508 1871 possunt
526 1775 733 1867 comparari,
760 1783 795 1843 et
815 1799 896 1868 para
915 1799 1051 1862 eurum,
1078 1779 1137 1869 qui

136 1884 416 1975 Hesyehinstaa
441 1881 496 1949 vei
517 1870 790 1971 Ὀμφαλόύὺχοι
812 1878 970 1966 audiunt,
996 1903 1137 1973 magnas
1202 1949 1207 1967 „

98 2021 103 2026 »
137 1990 235 2072 olim,
269 1997 306 2054 ut
339 2007 381 2054 ex
414 1983 667 2065 Cantacuzeno,
703 1981 863 2073 Gregura
887 1983 1028 2071 aliisque
1053 1984 1138 2052 scri-

137 2091 290 2185 ptoribus
311 2088 504 2179 Byzantinis
527 2084 701 2172 discimus,
728 2085 883 2152 excitavit
900 2084 1027 2156 turbas.
1061 2087 1138 2156 Re-

138 2196 341 2287 liginsorum'
362 2192 449 2258 iuter
475 2187 661 2266 Armenios
686 2195 754 2287 tres
780 2194 855 2254 sunt
881 2189 1025 2274 classes,
1050 2213 1139 2279 qua-

138 2321 215 2367 rum
239 2320 325 2386 una,
357 2315 460 2382 qnam
491 2287 702 2358 Vartnbetes
726 2298 866 2377 vocant,
900 2291 1016 2360 litteris
1036 2294 1138 2362 etiam

139 2385 281 2495 profuit.
331 2395 495 2464 Monachi
515 2396 550 2462 in
569 2393 709 2476 Russin,
734 2391 919 2484 Kalogeri
938 2394 1035 2482 dicti,
1060 2405 1140 2486 post

139 2502 429 2584 reformationem,
457 2519 559 2589 quam
581 2497 768 2586 imperante
788 2496 891 2564 Petro
910 2497 936 2569 l.
959 2498 1022 2565 sub
1045 2501 1139 2589 ejus·
1267 2539 1269 2549 ,

141 2630 208 2698 que
233 2605 479 2674 successoribus
505 2609 581 2669 sunt
610 2598 757 2688 experti,
789 2600 893 2688 paulo
923 2600 1078 2669 cultiores
1104 2610 1140 2671 et

142 2711 282 2780 Graecis
307 2707 462 2776 meliores
487 2709 678 2784 evaserunt3
712 2701 923 2771 nihilominus
949 2703 995 2771 ad
1018 2727 1140 2797 praes-

141 2837 201 2883 ens
226 2827 335 2901 usque
359 2821 493 2901 tempus
519 2806 760 2899 impedimento
784 2804 938 2892 fuerunt,
972 2827 1041 2897 quo
1072 2809 1140 2876 mi-

141 2940 203 2988 uus
237 2914 337 3007 hujus
370 2913 531 3011 ecclesiae
556 2909 730 3009 prefectus
759 2917 871 2978 essent
892 2908 1079 3009 'celeriores
1104 2917 1141 2980 et

141 3020 333 3089 laetiores(
369 3078 372 3083 .

184 3154 305 3268 quenta
341 3181 545 3264 Georgirene’a
576 3179 795 3257 Beschreibung
829 3176 881 3240 des
916 3144 1005 3259 Berge
1031 3177 1142 3248 Athon

228 3274 265 3332 cs.
286 3272 407 3330 Paulus
428 3267 598 3346 Sammlung
618 3267 742 3328 merkw.
764 3265 871 3324 Reiaen
890 3263 923 3325 in
945 3265 1004 3326 den
1025 3264 1151 3351 Orienti.
1256 3273 1257 3277 ’

227 3357 286 3421 Th.
306 3357 343 3420 V.
364 3376 395 3436 p.
417 3359 480 3421 312
500 3371 582 3430 seqq.

190 3428 467 3554 Ginv.2a5erpor
494 3469 675 3551 Compendio
702 3469 813 3530 uterino
842 3489 982 3536 concern.
1007 3467 1039 3533 la
1067 3469 1142 3530 reli·

230 3562 315 3642 gione
336 3559 413 3621 della
433 3556 556 3619 nazione
576 3555 716 3621 amena
740 3556 774 3618 Τ.
795 3554 844 3617 ill.
864 3575 897 3637 p.
919 3556 982 3623 477
1002 3573 1083 3637 seqq.

540 3920 746 3937 Μ
