2572 4732
154 359 230 474 iro
284 402 443 479 Puella
467 398 632 476 ibernia
643 403 910 479 reclamarent.
920 405 1012 480 aevi.

572 648 608 756 e
635 651 724 732 ne.

160 820 163 827 ’
251 824 394 901 Familia
427 823 687 901 Protestantium
722 829 757 900 in
781 823 950 906 Helvetia
983 837 1078 917 orta,
1113 839 1151 901 et

148 934 227 1005 iude
256 935 360 1032 longe
395 928 528 1023 iateque
553 942 765 1026 propagata,
798 957 923 1003 nomen
945 943 979 1004 et
998 925 1149 1009 titulum:

153 1038 315 1108 Ecclesia
334 1035 554 1132 reformata,
580 1045 739 1127 tanquam
764 1039 941 1131 proprium
968 1047 1002 1107 et
1028 1038 1147 1107 distin·
1186 1066 1190 1072 ·

150 1135 288 1228 ebrum,
324 1136 387 1212 sibi
412 1135 600 1208 vindicavit.
654 1138 759 1225 Quod
783 1140 920 1231 quidem
946 1165 1086 1226 nomen,
1118 1142 1148 1210 si

147 1246 252 1316 mo'do
278 1255 370 1313 recte
395 1233 598 1336 intententur
623 1253 657 1312 et
683 1244 752 1313 sine
775 1246 964 1337 arrogantia
984 1248 1172 1330 sumatur,'

146 1351 285 1419 omnino
312 1344 449 1420 defendi
472 1354 594 1438 potest.
627 1348 716 1418 Nam
738 1349 798 1416 etsi
816 1347 1059 1435 Protestantes,
1085 1348 1148 1438 qui

145 1453 369 1522 Lutberanos
395 1473 431 1517 se
457 1448 627 1535 dixerunt,
652 1469 825 1540 nunquam
842 1450 912 1519 hoo
927 1474 1051 1522 nemen
1067 1460 1146 1519 tans

146 1578 250 1647 quam
282 1549 462 1624 sectarium
500 1551 618 1643 (quod
648 1553 820 1624 Lutherus
852 1553 1037 1623 detestatus
1068 1555 1146 1646 est}

146 1661 209 1730 sibi
223 1661 469 1751 imposuerunt,
495 1657 626 1749 saepius
649 1665 761 1727 tamen
784 1658 915 1730 sinistre
937 1658 1146 1731 intellectum

145 1761 243 1832 variis
263 1760 455 1853 opprobriis
477 1760 686 1829 occasionem
708 1761 883 1853 praebuit,
909 1761 1050 1851 quaein
1072 1784 1145 1850 eos,

146 1867 205 1959 qui
229 1863 434 1957 Refformuii
458 1861 631 1955 dicuutur,
657 1864 781 1933 cadere
806 1886 874 1932 uon
892 1872 1043 1956 possunt.
1070 1864 1144 1934 Sed

145 1957 213 2041 non
244 1966 484 2054 omittendum,
507 1964 582 2035 'hoc
614 1989 739 2038 nomen
762 1966 818 2036 vei
842 1967 921 2036 ideo
949 1967 1052 2036 fuisse
1077 1968 1144 2036 eii-

145 2071 317 2168 gendum,
338 2079 383 2141 -ut
416 2067 592 2160 duplicitas
626 2081 741 2139 coetus
768 2069 1075 2164 zwinglienotum
1108 2079 1143 2141 et

148 2175 425 2248 calvinistarum
450 2183 507 2240 aut
532 2174 714 2264 celaretur,
737 2183 796 2241 aut
820 2184 1042 2243 excusaretur.
1072 2174 1143 2243 Hi-

83 2311 85 2315 >
142 2278 244 2351 storia
269 2279 381 2349 autem
405 2271 506 2370 hujus
529 2299 549 2344 e
570 2276 701 2347 duobus
727 2276 877 2346 coetibus
899 2279 1062 2346 conflatae
1080 2301 1145 2349 ee-

140 2383 261 2456 clesiae
285 2380 498 2475 sequentibus
525 2374 831 2474 comprehendetur
856 2380 1031 2475 capitibus.

182 2519 297 2580 Nomen
320 2517 493 2597 Refisrmati
513 2535 609 2595 neque
629 2515 663 2574 in
687 2515 862 2592 Germania,
894 2535 990 2595 neque
1008 2516 1040 2574 in
1062 2515 1143 2576 Hei-

222 2602 304 2664 vetia
328 2604 417 2678 (nam
438 2601 481 2660 ibi
502 2621 654 2661 sacrorum
676 2603 902 2664 emendatorum
924 2601 1009 2661 amici
1027 2605 1144 2662 Euan..

220 2689 353 2767 galiena,
374 2687 424 2748 vel
445 2689 650 2746 Protestantes
671 2706 701 2745 se
724 2688 904 2766 dixerunt),
933 2688 985 2748 sed
1010 2687 1043 2746 in
1062 2689 1140 2747 Gal-

222 2773 264 2832 lia
290 2783 408 2847 ortum,
435 2771 536 2850 ibique
557 2773 594 2832 ab
615 2770 702 2833 initio
721 2768 915 2835 lutheranis·
936 2773 994 2832 suit
1013 2774 1140 2853 imposi-

222 2867 299 2917 tum.
341 2858 444 2937 Quum
465 2867 565 2917 eutem
589 2859 715 2918 Calvisii
737 2859 872 2924 doctrine
892 2859 926 2918 in
947 2859 1043 2917 Gallia
1063 2879 1141 2919 mox

173 2946 175 2950 ’
221 2937 450 3022 praevaluisset,
477 2942 517 3002 ad
538 2944 602 3024 ejus
626 2944 765 3020 essedas,
787 2954 818 3004 et
839 2942 959 3022 quidem
979 2965 1048 3004 cum
1070 2947 1139 3025 epi„

220 3027 323 3087 theto:
343 3031 405 3088 Les
420 3029 587 3108 pretendas
608 3031 783 3112 Refhrmies
803 3029 860 3112 (ut
880 3031 1041 3092 Eossuetue
1055 3050 1139 3091 eem-

107 3175 110 3178 ,
220 3131 275 3194 per
297 3112 388 3196 dicit)
411 3115 540 3208 transiit.

529 3396 531 3405 γ
558 3267 596 3401 ς.
615 3246 711 3374 rao.

235 3470 371 3542 Eodem
410 3482 565 3566 tempore
598 3483 699 3564 atque
733 3475 896 3569 impulsu,
938 3497 980 3544 ex
1014 3474 1135 3545 iisdem

135 3575 243 3646 causis
268 3586 303 3646 et
324 3578 523 3662 rationibus,
555 3603 618 3650 nec
643 3603 712 3648 non
737 3581 860 3651 eodem
887 3576 1063 3668 successu.
1098 3590 1134 3651 ut

133 3677 167 3744 in
201 3676 365 3764 saxonia.
396 3682 586 3750 emendatio
616 3705 788 3752 sacrorum
818 3684 854 3754 in
883 3681 1051 3752 Helvetia
1084 3691 1133 3754 est

133 3779 310 3873 inchoato.¹
350 3784 481 3854 Primus
508 3796 625 3856 auctor
652 3784 795 3857 Uir'ieue
820 3784 885 3877 (al.
913 3784 1129 3876 Udoirious)

135 3881 352 3976 Zwingiius‚
386 3888 506 3957 Pastor
537 3880 745 3972 Turicensis‚
774 3891 850 3980 qui,
883 3898 1068 3986 postquam
1100 3912 1128 3958 a.

134 3981 234 4055 1519
260 3988 483 4084 indulgentias
508 3994 654 4085 Papales
680 3993 849 4064 aBerrdu
871 3993 1037 4064 Samsone
1062 3993 1128 4062 im-
