2572 4732
140 433 167 504 8
284 433 410 519 Pausi.
445 431 612 540 inducia
636 434 812 505 ecclesiae
833 433 1088 529 untiquoea-
1163 459 1167 466 ·

141 623 319 710 Mosaicac
356 624 578 694 cerimonialis
606 623 859 711 observatione,
906 624 1007 693 ctiam
1034 624 1148 695 adu-
1223 702 1224 707 ἵ

133 728 263 807 daismi
289 731 477 797 fautoribus
503 728 725 821 reciperetur.
776 727 833 799 Ab
847 727 926 794 ·hac
949 740 1066 797 autem
1089 753 1149 798 rc-

142 832 226 924 gula
250 855 351 914 omne
374 834 448 911 fare
470 831 712 902 Christianismi
737 829 980 899 incrementum
995 841 1030 901 et
1054 833 1150 901 latis-

143 936 246 1006 simus
272 937 435 1006 ecclesiae
461 934 635 1030 pendebat
668 924 822 1006 ambitus.
842 976 848 987 ·
872 935 933 1006 Ex,
954 953 1044 1026 quo,
1071 946 1151 1028 post

134 1039 311 1126 crodium
335 1040 654 1161 Hierosolymorum
681 1039 728 1129 [a.
754 1037 882 1130 LXX.)
918 1049 952 1107 ot
982 1040 1150 1133 reipubli-

144 1166 205 1212 cae
231 1144 398 1214 Judaicae
425 1166 520 1212 avers
505 1144 650 1229 ionem,
674 1140 803 1211 Deus
793 1165 868 1233 rpsc
901 1166 1039 1211 causam
1066 1167 1151 1235 par-

143 1234 337 1317 ticularismi
356 1245 520 1341 judaismi
546 1245 735 1315 deseruisse
762 1244 960 1334 videbatur,
984 1246 1149 1317 Christia-

144 1355 266 1420 norum
299 1373 437 1442 quoque
462 1348 708 1443 judaizantium
736 1372 814 1441 spes
845 1373 1045 1434 evanescere
1068 1374 1152 1435 coe-

143 1463 278 1547 pcrunt
329 1452 566 1529 Abilloinde
586 1463 742 1547 tompore
762 1451 868 1522 rarius
890 1456 1067 1552 minusque
1089 1479 1151 1523 ve-

144 1557 345 1646 hementer,
399 1557 503 1648 quam
544 1567 659 1642 antea,
713 1567 830 1637 contra
868 1560 1152 1627 consociationem
1186 1615 1189 1627 .

145 1663 320 1753 utriusque
337 1656 606 1732 Christiauomm
621 1661 767 1730 familiae
781 1662 887 1752 [auio
899 1656 940 1747 ’ἐξ
959 1653 1152 1761 'lovdclosn

147 1776 182 1837 ct
206 1768 278 1837 τῶν
292 1761 329 1852 ἐξ
352 1764 483 1857 ἐθνῶν)
507 1776 701 1859 pugnaturn
726 1774 793 1854 est,
821 1774 856 1833 et
869 1764 915 1833 ad
938 1756 1153 1835 formandam

147 1870 450 1960 stabiliendamque
485 1869 673 1939 ecclesium
714 1868 931 1942 catholicum
970 1870 1154 1964 proclivior

147 1973 238 2066 facta
264 1985 298 2045 ot
319 1974 451 2043 facilior
477 1974 542 2042 via.

191 2145 219 2204 J.
241 2120 293 2204 Ε.
307 2143 378 2206 Chr.
402 2141 542 2203 Schmidt
562 2143 639 2219 iiber
660 2141 708 2202 dia
730 2141 919 2223 Entstehung
942 2142 996 2202 deu
1017 2077 1156 2202 katholi-

134 2279 147 2326 ι.
233 2227 325 2290 scheu
358 2228 476 2291 Kirche.
505 2232 535 2291 S.
555 2230 632 2346 Bibl.
659 2231 710 2290 li'u·
737 2230 817 2290 Krit.
847 2229 914 2290 uod
938 2231 1031 2309 Exeg.
1061 2230 1098 2290 ll.
1119 2230 1155 2288 Β
1191 2250 1192 2253 ’

194 2316 337 2466 G.IJ.sd'l
335 2343 413 2460 ancl
428 2399 535 2460 Gosclr.
561 2399 614 2460 des
634 2397 907 2460 Chrislentlrums'
898 2421 932 2458 ιιι
954 2399 1009 2459 dor
1030 2399 1157 2459 Periodc
1207 2397 1210 2405 ’

234 2509 259 2547 ιι.
281 2496 380 2547 ersten
402 2487 622 2565 Einliihrung
613 2507 645 2546 m
667 2485 714 2544 die
732 2486 823 2546 Welt.
845 2485 902 2545 Th.
918 2486 941 2546 l.
956 2486 992 2545 ll.
1014 2489 1104 2550 1818
1126 2490 1156 2550 8.

192 2573 217 2632 J.
235 2573 315 2633 Chr.
347 2574 447 2632 Grerl
435 2595 491 2654 mg
522 2571 599 2631 iiber
636 2571 695 2633 die‘
719 2571 939 2654 Urverfassung
976 2571 1030 2632 der
1058 2581 1157 2667 apost.

207 2657 390 2753 Christen·
394 2657 586 2722 Gemeinden
611 2661 703 2725 1819
725 2661 756 2722 8

581 2877 763 2978 W„

226 3022 297 3090 Iter
323 3047 344 3092 a
375 3022 597 3116 Ροῖιιοαιρο,
616 3021 811 3115 Episcopo
841 3020 1050 3111 Smyrnaeo,
1066 3042 1160 3121 ¹me·

151 3124 208 3193 dio
236 3150 323 3195 saec.
344 3127 496 3196 secundo
523 3128 630 3216 (circa
656 3151 686 3197 a.
716 3123 959 3216 loz-16⁰),
1001 3146 1043 3192 co
1082 3124 1159 3214 qui-

151 3228 230 3297 dem
259 3230 469 3322 potissimum
505 3231 642 3300 consilio
678 3238 874 3320 susceptum
908 3253 982 3298 esse
1018 3238 1160 3314 constat,

150 3340 189 3400 ut
215 3334 428 3426 Polycarpus
464 3335 600 3403 Romae
633 3328 712 3402 cum
738 3333 895 3403 Aniceto
924 3332 968 3401 do
1001 3342 1161 3426 temporo

151 3444 187 3503 ct
206 3438 271 3504 ritu
296 3438 470 3523 Paschali‚
508 3437 553 3506 de
580 3460 649 3527 quo
675 3439 761 3506 inter
784 3437 943 3506 ccclesias
968 3435 1161 3505 Orientales
1202 3447 1204 3450 ’

151 3548 255 3630 atquc
286 3535 528 3610 Occidentalcs'
568 3542 795 3611 controversia
837 3551 927 3628 crat,
986 3549 1160 3608 tractaret.

150 3643 230 3711 Hoc
255 3643 395 3733 quidem
427 3645 603 3737 negotium
637 3669 705 3714 non
746 3667 789 3714 ex
820 3655 902 3713 voto
929 3645 1047 3731 cessit,
1082 3667 1162 3711 curu
1206 3680 1208 3684 >

149 3770 215 3814 uec
249 3745 439 3817 Orientales
472 3771 536 3817 nec
574 3748 812 3818 Occidentalcs
842 3770 863 3815 a
889 3771 966 3835 sua,
995 3748 1162 3839 'exemplo

149 3850 397 3941 Apostolorum
442 3853 666 3940 confirmata,
707 3850 952 3920 'consuetudine
998 3851 1164 3920 recedere

149 3956 295 4038 vellent,
320 3944 388 4025 isac
414 3965 529 4026 tamen
549 3958 729 4026 occasione
754 3958 798 4031 ab
817 3966 960 4045 utraque
979 3964 1077 4047 parto
1096 3955 1163 4023 do-'

132 4045 318 4130 ¹claratum
349 4069 417 4149 ost,
452 4061 625 4155 ejusmodi
657 4061 830 4130 rasintcr
864 4051 1046 4153 ἀδιάφοροι
1087 4080 1164 4128 esso
