2572 4732
183 424 260 499 aaa
316 373 664 500 annnam
676 421 1049 500 nauseantem.

199 611 384 685 Walch’e
399 631 438 675 ιι.
462 607 712 690 Religionsguacb.
741 607 805 670 Tb.
835 609 911 675 VIII
943 630 975 693 p
1005 610 1070 680 468
1103 630 1186 692 seqq

267 698 324 767 Th.
347 695 399 757 IX.
420 715 449 777 p.
461 700 535 761 303
556 715 637 774 seqq.

224 782 428 847 Dissertation.
439 802 493 842 our
513 781 556 840 lea
578 799 683 860 unges
702 779 742 840 de
761 799 855 858 ceux,
876 782 926 860 qu
947 802 988 843 on
1009 772 1125 862 u‘ppelle
1147 802 1188 841 en

265 867 415 930 Hollande
445 867 613 954 Collegium
643 875 674 927 et
701 865 885 927 Rhinobour
870 870 977 946 rgeoio.
1020 869 1065 933 ct.
1092 868 1188 928 Ciro-

197 984 202 993 ·
264 954 380 1016 moniea
404 943 577 1034 r'eligi'euaes
598 951 644 1014 de
670 960 741 1016 ιοιιι
767 952 810 1013 les
837 953 969 1034 peuples.
1003 955 1039 1015 Τ.
1064 954 1117 1018 IV.
1154 975 1189 1036 p.

198 1102 201 1108 .
266 1044 328 1107 328
347 1057 431 1120 seqq.

469 1345 474 1354 .
567 1141 767 1355 opsono.
803 1346 806 1350 Ι

282 1415 538 1515 Απιὶιιὶιιὶιαιξί
556 1442 591 1507 ‚u
605 1417 795 1506 volturii,
831 1419 969 1489 nornine
1003 1418 1186 1493 collectim

179 1534 317 1608 omnes,
338 1524 405 1615 'qul
431 1523 559 1618 dogma
577 1523 629 1613 'de
653 1522 819 1594 Trinitute
841 1529 988 1616 negant,
1016 1522 1184 1596 (licuntur.

74 1672 81 1696 .
179 1625 357 1719 Ejusmodi
394 1626 551 1698 doctores
579 1626 716 1724 jamin
741 1625 879 1716 antiqua
910 1627 1052 1694 ecclesia
1087 1625 1185 1694 baud

179 1752 286 1823 parvo
306 1753 446 1798 numero
473 1733 649 1800 extiterant
668 1729 858 1818 multosque
878 1727 1066 1798 habuerant
1086 1754 1184 1798 asse-

180 1834 260 1903 clas.
308 1835 470 1903 Attamen
490 1843 650 1925 tanquam
668 1855 792 1902 nomm
813 1833 958 1901 formam
985 1832 1183 1902 describunt

179 1936 255 2020 libri
281 1936 457 2026 symbolici
478 1935 569 2023 illos,
597 1936 656 2028 qui
675 1936 793 2004 medio.
809 1959 899 2008 saec.
916 1935 1008 2008 XVI.
1030 1937 1196 2028 primum*

87 2057 90 2063 ·
178 2039 214 2109 In
231 2039 344 2130 Italia,
350 2039 496 2118 deinde
520 2041 620 2110 etiam
636 2041 671 2108 in
685 2039 860 2124 Helvetia,
887 2038 1072 2108 Germania
1089 2041 1184 2108 aliis-

51 2204 54 2209 .
176 2166 245 2234 que
270 2143 367 2213 terris
398 2144 552 2231 antiquos
580 2165 711 2213 errores
736 2151 942 2214 renovarunt
965 2164 1109 2233 eamque
1135 2144 1184 2213 ob

178 2268 314 2355 eausam
333 2246 430 2315 variis
452 2246 571 2339 poenis
593 2246 762 2338 exsilii,
744 2246 887 2315 carceris
914 2246 1071 2336 adeoque
1095 2270 1184 2340 sup-

175 2338 287 2443 plieii
293 2359 370 2422 sunt
388 2348 542 2420 adfecti
573 2351 621 2420 Hi
633 2359 747 2418 tamen
756 2330 961 2441 plerumque
977 2350 1099 2442 singuli
1115 2351 1181 2419 do-

177 2462 288 2523 ctores
318 2453 468 2542 fuerunt,
503 2444 723 2524 assentientes
750 2451 888 2541 quidem
918 2462 953 2523 et
983 2453 1181 2545 discipulos,
1211 2504 1213 2507 -

88 2649 91 2654 ι
176 2555 239 2625 sed
261 2558 369 2625 nullos
388 2566 504 2657 coetus
525 2565 697 2651 separatos
714 2554 914 2625 habentes.
941 2556 1015 2626 Sed
1027 2558 1126 2625 aliter
1142 2583 1183 2627 se

175 2682 232 2735 res
250 2658 368 2727 habuit
386 2660 421 2727 iu
442 2659 593 2729 Potoniu
614 2668 648 2729 et
675 2659 959 2748 transportata,
983 2660 1042 2729 ubi
1063 2684 1084 2728 a
1108 2663 1182 2730 fine

176 2785 265 2835 uec.
299 2762 390 2834 XVI.
426 2761 656 2835 Unitariorurn
689 2753 849 2847 societas,
889 2771 1050 2856 tanquam
1086 2786 1180 2834 nova

175 2864 278 2943 Secta
304 2864 451 2933 instituta
471 2865 695 2958 adpraesens
717 2873 851 2958 tempus
875 2865 1018 2941 duravit.
1071 2866 1178 2938 Suel-

173 2967 361 3053 niuqurum
380 2990 505 3044 nomen
522 2968 723 3061 praevaluit,
745 2968 823 3058 quia
839 2968 1012 3048 Faustum
1027 2977 1062 3037 et
1076 2972 1192 3045 Lao.

175 3071 268 3156 qum
284 3069 452 3142 Sociorum
473 3071 667 3165 (sorarai),
688 3071 807 3140 doctos
827 3073 948 3161 Italos,
970 3075 1176 3165 praecipuos
1238 3095 1241 3108 ·

172 3171 364 3245 habuerunt
389 3173 637 3247 instauratores.
674 3175 828 3244 -Praeter
855 3175 920 3245 llos
946 3185 1057 3244 autem
1080 3177 1177 3246 haud

172 3290 299 3372 paucos
319 3279 405 3353 inter
425 3303 461 3347 se
480 3286 658 3348 numerant
678 3279 765 3346 viros
788 3280 990 3348 eruditionis·
1001 3290 1105 3370 atque
1123 3283 1176 3350 in-
1225 3326 1229 3333 ·
1261 3331 1269 3343 .

172 3381 264 3472 genii
279 3380 393 3448 laude
416 3384 628 3473 praeclaros,
654 3382 714 3470 qui
735 3405 796 3450 sua
819 3382 982 3474 dogmata
1003 3384 1040 3452 in
1055 3383 1176 3463 *Cute-

173 3483 308 3559 ubismu
340 3484 576 3556 Ruceove‘eusi
609 3486 670 3576 (a.
701 3481 835 3578 16⁰5)
870 3488 1022 3578 exposita
1056 3497 1177 3556 contra

172 3587 278 3655 aoie'm
296 3586 559 3682 'Ilroologorum
578 3589 850 3682 evangelicomm
867 3591 1038 3681 utriusque
1060 3592 1177 3660 eccle-

171 3691 241 3759 siae
261 3697 395 3759 strenue
415 3692 647 3763 defenderunt.
699 3692 755 3761 Ex
774 3692 915 3761 Polouia
935 3695 1069 3786 saepius
1084 3695 1177 3786 pulsi

170 3794 287 3880 ibique
315 3817 423 3887 parvo
453 3818 594 3866 numero
632 3795 867 3897 latitantes,
856 3818 893 3869 m
926 3795 1198 3908 Transylvania,

169 3895 302 3987 asylum
338 3908 543 3994 perpetuum
577 3900 792 3970 retinuerunt.
842 3898 884 3968 In
913 3899 1058 3971 Batavis
1085 3894 1174 4001 int'er

168 3998 382 4095 Asmiuianos
416 4005 539 4079 multos
571 3997 661 4075 naeu
702 4012 797 4079 sunt
816 4003 1173 4076 eonsentientes.1n
