<?xml version="1.0" encoding="UTF-8"?>
<!DOCTYPE html PUBLIC "-//W3C//DTD XHTML 1.0 Transitional//EN"
    "http://www.w3.org/TR/xhtml1/DTD/xhtml1-transitional.dtd">
<html xmlns="http://www.w3.org/1999/xhtml" xml:lang="en" lang="en">
 <head>
  <title>
</title>
<meta http-equiv="Content-Type" content="text/html;charset=utf-8" />
  <meta name='ocr-system' content='tesseract 3.04.00' />
  <meta name='ocr-capabilities' content='ocr_page ocr_carea ocr_par ocr_line ocrx_word'/>
</head>
<body>
  <div class='ocr_page' id='page_1' title='image "./historiaeeccles00augugoog_0237.png"; bbox 0 0 2572 4732; ppageno 0'>
   <div class='ocr_carea' id='block_1_1' title="bbox 133 436 1026 533">
    <p class='ocr_par' dir='ltr' id='par_1_1' title="bbox 133 436 1026 533">
     <span class='ocr_line' id='line_1_1' title="bbox 133 436 1026 533; baseline 0 -1"><span class='ocrx_word' id='word_1_1' title='bbox 133 461 210 532; x_wconf 92' lang='grc'><strong>212</strong></span> <span class='ocrx_word' id='word_1_2' title='bbox 270 459 353 530; x_wconf 86' lang='lat' dir='ltr'><strong>Pars</strong></span> <span class='ocrx_word' id='word_1_3' title='bbox 367 459 427 528; x_wconf 84' lang='grc'><strong>111.</strong></span> <span class='ocrx_word' id='word_1_4' title='bbox 452 456 618 529; x_wconf 83' lang='lat' dir='ltr'><strong>Historia</strong></span> <span class='ocrx_word' id='word_1_5' title='bbox 632 459 756 531; x_wconf 84' lang='lat' dir='ltr'><strong>eccles.</strong></span> <span class='ocrx_word' id='word_1_6' title='bbox 770 467 901 530; x_wconf 86' lang='lat' dir='ltr'><strong>recent.</strong></span> <span class='ocrx_word' id='word_1_7' title='bbox 916 436 1026 533; x_wconf 65' lang='lat' dir='ltr'><strong>aaut</strong></span> 
     </span>
    </p>
   </div>
   <div class='ocr_carea' id='block_1_2' title="bbox 122 648 1149 1778">
    <p class='ocr_par' dir='ltr' id='par_1_2' title="bbox 122 648 1149 1778">
     <span class='ocr_line' id='line_1_2' title="bbox 132 648 1145 748; baseline -0.003 -27"><span class='ocrx_word' id='word_1_8' title='bbox 132 654 230 748; x_wconf 87' lang='lat' dir='ltr'><strong>pacis</strong></span> <span class='ocrx_word' id='word_1_9' title='bbox 256 672 355 743; x_wconf 89' lang='lat' dir='ltr'><strong>spem</strong></span> <span class='ocrx_word' id='word_1_10' title='bbox 380 648 528 717; x_wconf 81' lang='lat' dir='ltr'><strong>funditus</strong></span> <span class='ocrx_word' id='word_1_11' title='bbox 555 648 700 738; x_wconf 88' lang='lat' dir='ltr'><strong>deleret,</strong></span> <span class='ocrx_word' id='word_1_12' title='bbox 726 657 762 718; x_wconf 89' lang='lat' dir='ltr'><strong>et</strong></span> <span class='ocrx_word' id='word_1_13' title='bbox 786 648 1034 718; x_wconf 87' lang='lat' dir='ltr'><strong>cordatioribns</strong></span> <span class='ocrx_word' id='word_1_14' title='bbox 1061 650 1145 719; x_wconf 87' lang='lat' dir='ltr'><strong>iuter</strong></span> 
     </span>
     <span class='ocr_line' id='line_1_3' title="bbox 122 752 1149 838; baseline -0.004 -12"><span class='ocrx_word' id='word_1_15' title='bbox 122 756 329 830; x_wconf 63' lang='lat' dir='ltr'><strong>,catholicos</strong></span> <span class='ocrx_word' id='word_1_16' title='bbox 350 754 386 820; x_wconf 92' lang='lat' dir='ltr'><strong>in</strong></span> <span class='ocrx_word' id='word_1_17' title='bbox 410 753 516 838; x_wconf 83' lang='lat' dir='ltr'><strong>Italia,</strong></span> <span class='ocrx_word' id='word_1_18' title='bbox 544 753 729 821; x_wconf 82' lang='lat' dir='ltr'><strong>Germania</strong></span> <span class='ocrx_word' id='word_1_19' title='bbox 754 761 790 822; x_wconf 88' lang='lat' dir='ltr'><strong>et</strong></span> <span class='ocrx_word' id='word_1_20' title='bbox 815 754 929 822; x_wconf 84' lang='lat' dir='ltr'><strong>Gallia</strong></span> <span class='ocrx_word' id='word_1_21' title='bbox 947 754 1054 822; x_wconf 84' lang='lat' dir='ltr'><strong>valde</strong></span> <span class='ocrx_word' id='word_1_22' title='bbox 1075 752 1149 823; x_wconf 83' lang='lat' dir='ltr'><strong>dis-&#39;</strong></span> 
     </span>
     <span class='ocr_line' id='line_1_4' title="bbox 133 854 1144 954; baseline -0.002 -26"><span class='ocrx_word' id='word_1_23' title='bbox 133 862 287 954; x_wconf 85' lang='lat' dir='ltr'><strong>pliceret.</strong></span> <span class='ocrx_word' id='word_1_24' title='bbox 339 858 438 924; x_wconf 86' lang='lat' dir='ltr'><strong>Nova</strong></span> <span class='ocrx_word' id='word_1_25' title='bbox 463 854 565 947; x_wconf 86' lang='lat' dir='ltr'><strong>hujus</strong></span> <span class='ocrx_word' id='word_1_26' title='bbox 592 855 706 924; x_wconf 87' lang='lat' dir='ltr'><strong>bullae</strong></span> <span class='ocrx_word' id='word_1_27' title='bbox 735 857 863 943; x_wconf 82' lang='lat' dir='ltr'><strong>forma,</strong></span> <span class='ocrx_word' id='word_1_28' title='bbox 897 881 966 948; x_wconf 78' lang='lat' dir='ltr'><strong>qua</strong></span> <span class='ocrx_word' id='word_1_29' title='bbox 987 882 1018 928; x_wconf 88' lang='lat' dir='ltr'><strong>a.</strong></span> <span class='ocrx_word' id='word_1_30' title='bbox 1043 856 1144 926; x_wconf 78' lang='grc'><strong>11121</strong></span> 
     </span>
     <span class='ocr_line' id='line_1_5' title="bbox 136 959 1144 1045; baseline -0.003 -12"><span class='ocrx_word' id='word_1_31' title='bbox 136 964 297 1033; x_wconf 88' lang='lat' dir='ltr'><strong>Urbanus</strong></span> <span class='ocrx_word' id='word_1_32' title='bbox 317 960 409 1032; x_wconf 88' lang='lat' dir='ltr'><strong>VIII.</strong></span> <span class='ocrx_word' id='word_1_33' title='bbox 439 959 562 1045; x_wconf 83' lang='lat' dir='ltr'><strong>edidit,</strong></span> <span class='ocrx_word' id='word_1_34' title='bbox 587 983 657 1028; x_wconf 93' lang='lat' dir='ltr'><strong>non</strong></span> <span class='ocrx_word' id='word_1_35' title='bbox 675 961 792 1029; x_wconf 90' lang='lat' dir='ltr'><strong>minuit</strong></span> <span class='ocrx_word' id='word_1_36' title='bbox 813 961 1074 1030; x_wconf 84' lang='lat' dir='ltr'><strong>admirationem</strong></span> <span class='ocrx_word' id='word_1_37' title='bbox 1092 971 1144 1030; x_wconf 92' lang='lat' dir='ltr'><strong>at-</strong></span> 
     </span>
     <span class='ocr_line' id='line_1_6' title="bbox 136 1063 1145 1158; baseline -0.002 -22"><span class='ocrx_word' id='word_1_38' title='bbox 136 1091 204 1158; x_wconf 87' lang='lat' dir='ltr'><strong>que</strong></span> <span class='ocrx_word' id='word_1_39' title='bbox 229 1065 514 1156; x_wconf 62' lang='lat' dir='ltr'><strong>indignationem,</strong></span> <span class='ocrx_word' id='word_1_40' title='bbox 540 1063 602 1131; x_wconf 89' lang='lat' dir='ltr'><strong>sed</strong></span> <span class='ocrx_word' id='word_1_41' title='bbox 628 1066 727 1133; x_wconf 83' lang='lat' dir='ltr'><strong>auxit.</strong></span> <span class='ocrx_word' id='word_1_42' title='bbox 779 1065 823 1133; x_wconf 83' lang='grc'><strong>11</strong></span> <span class='ocrx_word' id='word_1_43' title='bbox 856 1064 982 1134; x_wconf 77' lang='lat' dir='ltr'><strong>Sirlus</strong></span> <span class='ocrx_word' id='word_1_44' title='bbox 1008 1065 1069 1154; x_wconf 73' lang='lat' dir='ltr'><strong>V,</strong></span> <span class='ocrx_word' id='word_1_45' title='bbox 1095 1066 1145 1134; x_wconf 89' lang='lat' dir='ltr'><strong>vir</strong></span> 
     </span>
     <span class='ocr_line' id='line_1_7' title="bbox 129 1168 1145 1261; baseline 0.005 -28"><span class='ocrx_word' id='word_1_46' title='bbox 129 1173 213 1240; x_wconf 71' lang='lat' dir='ltr'><strong>,fatis</strong></span> <span class='ocrx_word' id='word_1_47' title='bbox 242 1168 448 1260; x_wconf 84' lang='lat' dir='ltr'><strong>ingenioque</strong></span> <span class='ocrx_word' id='word_1_48' title='bbox 472 1189 612 1259; x_wconf 87' lang='lat' dir='ltr'><strong>prorsus</strong></span> <span class='ocrx_word' id='word_1_49' title='bbox 639 1168 833 1261; x_wconf 85' lang='lat' dir='ltr'><strong>singularis,</strong></span> <span class='ocrx_word' id='word_1_50' title='bbox 862 1191 928 1260; x_wconf 86' lang='lat' dir='ltr'><strong>per</strong></span> <span class='ocrx_word' id='word_1_51' title='bbox 953 1171 1145 1259; x_wconf 89' lang='lat' dir='ltr'><strong>quinquen·</strong></span> 
     </span>
     <span class='ocr_line' id='line_1_8' title="bbox 136 1267 1146 1363; baseline -0.003 -19"><span class='ocrx_word' id='word_1_52' title='bbox 136 1278 228 1344; x_wconf 90' lang='lat' dir='ltr'><strong>nium</strong></span> <span class='ocrx_word' id='word_1_53' title='bbox 256 1274 311 1363; x_wconf 82' lang='lat' dir='ltr'><strong>(a.</strong></span> <span class='ocrx_word' id='word_1_54' title='bbox 339 1267 698 1363; x_wconf 80' lang='grc'><strong>1585-1500)111</strong></span> <span class='ocrx_word' id='word_1_55' title='bbox 725 1271 899 1340; x_wconf 80' lang='lat' dir='ltr'><strong>cathedra</strong></span> <span class='ocrx_word' id='word_1_56' title='bbox 924 1273 1064 1341; x_wconf 84' lang='lat' dir='ltr'><strong>Petrina</strong></span> <span class='ocrx_word' id='word_1_57' title='bbox 1089 1297 1146 1342; x_wconf 91' lang='lat' dir='ltr'><strong>se-</strong></span> 
     </span>
     <span class='ocr_line' id='line_1_9' title="bbox 137 1373 1146 1466; baseline -0.003 -18"><span class='ocrx_word' id='word_1_58' title='bbox 137 1379 242 1464; x_wconf 89' lang='lat' dir='ltr'><strong>dens,</strong></span> <span class='ocrx_word' id='word_1_59' title='bbox 276 1375 397 1444; x_wconf 83' lang='lat' dir='ltr'><strong>eximia</strong></span> <span class='ocrx_word' id='word_1_60' title='bbox 424 1373 603 1466; x_wconf 84' lang='lat' dir='ltr'><strong>prudentia</strong></span> <span class='ocrx_word' id='word_1_61' title='bbox 629 1383 663 1442; x_wconf 93' lang='lat' dir='ltr'><strong>et</strong></span> <span class='ocrx_word' id='word_1_62' title='bbox 690 1378 953 1444; x_wconf 76' lang='lat' dir='ltr'><strong>constantiores</strong></span> <span class='ocrx_word' id='word_1_63' title='bbox 981 1377 1146 1446; x_wconf 84' lang='lat' dir='ltr'><strong>ecclesia-</strong></span> 
     </span>
     <span class='ocr_line' id='line_1_10' title="bbox 137 1477 1146 1572; baseline 0 -22"><span class='ocrx_word' id='word_1_64' title='bbox 137 1485 256 1564; x_wconf 85' lang='lat' dir='ltr'><strong>sticas,</strong></span> <span class='ocrx_word' id='word_1_65' title='bbox 289 1479 326 1548; x_wconf 87' lang='lat' dir='ltr'><strong>in</strong></span> <span class='ocrx_word' id='word_1_66' title='bbox 361 1477 438 1546; x_wconf 86' lang='lat' dir='ltr'><strong>XV</strong></span> <span class='ocrx_word' id='word_1_67' title='bbox 464 1477 775 1571; x_wconf 72' lang='lat' dir='ltr'><strong>congregativum</strong></span> <span class='ocrx_word' id='word_1_68' title='bbox 799 1480 998 1572; x_wconf 83' lang='lat' dir='ltr'><strong>dispositas,</strong></span> <span class='ocrx_word' id='word_1_69' title='bbox 1024 1482 1146 1551; x_wconf 73' lang='lat' dir='ltr'><strong>&#39;admi-</strong></span> 
     </span>
     <span class='ocr_line' id='line_1_11' title="bbox 134 1580 1146 1677; baseline 0 -23"><span class='ocrx_word' id='word_1_70' title='bbox 134 1580 297 1654; x_wconf 79' lang='lat' dir='ltr'><strong>&#39;nistravit</strong></span> <span class='ocrx_word' id='word_1_71' title='bbox 351 1583 409 1649; x_wconf 92' lang='lat' dir='ltr'><strong>III.</strong></span> <span class='ocrx_word' id='word_1_72' title='bbox 442 1581 604 1651; x_wconf 80' lang='lat' dir='ltr'><strong>Clemens</strong></span> <span class='ocrx_word' id='word_1_73' title='bbox 628 1582 737 1656; x_wconf 86' lang='lat' dir='ltr'><strong>VIII.</strong></span> <span class='ocrx_word' id='word_1_74' title='bbox 765 1583 1146 1677; x_wconf 79' lang='lat' dir='ltr'><strong>a.1593impruden·</strong></span> 
     </span>
     <span class='ocr_line' id='line_1_12' title="bbox 129 1686 1146 1778; baseline 0.001 -20"><span class='ocrx_word' id='word_1_75' title='bbox 129 1687 308 1758; x_wconf 83' lang='lat' dir='ltr'><strong>terbelli</strong></span> <span class='ocrx_word' id='word_1_76' title='bbox 339 1686 487 1778; x_wconf 77' lang='lat' dir='ltr'><strong>pupulis</strong></span> <span class='ocrx_word' id='word_1_77' title='bbox 521 1687 695 1773; x_wconf 49' lang='lat' dir='ltr'><strong>litterarii,</strong></span> <span class='ocrx_word' id='word_1_78' title='bbox 721 1688 830 1756; x_wconf 86' lang='lat' dir='ltr'><strong>factus</strong></span> <span class='ocrx_word' id='word_1_79' title='bbox 863 1697 1001 1775; x_wconf 89' lang='lat' dir='ltr'><strong>auctor,</strong></span> <span class='ocrx_word' id='word_1_80' title='bbox 1046 1698 1081 1758; x_wconf 93' lang='lat' dir='ltr'><strong>et</strong></span> <span class='ocrx_word' id='word_1_81' title='bbox 1114 1713 1146 1759; x_wconf 82' lang='lat' dir='ltr'><strong>a.</strong></span> 
     </span>
    </p>
   </div>
   <div class='ocr_carea' id='block_1_3' title="bbox 24 1788 1145 1884">
    <p class='ocr_par' dir='ltr' id='par_1_3' title="bbox 24 1788 1145 1884">
     <span class='ocr_line' id='line_1_13' title="bbox 24 1788 1145 1884; baseline 0.002 -24"><span class='ocrx_word' id='word_1_82' title='bbox 24 1805 28 1809; x_wconf 88' lang='grc'><strong>’</strong></span> <span class='ocrx_word' id='word_1_83' title='bbox 138 1789 240 1860; x_wconf 86' lang='grc'><strong>1505</strong></span> <span class='ocrx_word' id='word_1_84' title='bbox 274 1790 436 1857; x_wconf 82' lang='lat' dir='ltr'><strong>Indicum</strong></span> <span class='ocrx_word' id='word_1_85' title='bbox 475 1788 719 1858; x_wconf 84' lang='lat' dir='ltr'><strong>Tridentinum</strong></span> <span class='ocrx_word' id='word_1_86' title='bbox 750 1791 923 1871; x_wconf 86' lang='lat' dir='ltr'><strong>librorum</strong></span> <span class='ocrx_word' id='word_1_87' title='bbox 944 1792 1145 1884; x_wconf 80' lang='lat' dir='ltr'><strong>prohiben-</strong></span> 
     </span>
    </p>
   </div>
   <div class='ocr_carea' id='block_1_4' title="bbox 132 1893 1147 2404">
    <p class='ocr_par' dir='ltr' id='par_1_4' title="bbox 132 1893 1147 2404">
     <span class='ocr_line' id='line_1_14' title="bbox 137 1893 1146 1989; baseline 0.003 -25"><span class='ocrx_word' id='word_1_88' title='bbox 137 1897 267 1965; x_wconf 82' lang='lat' dir='ltr'><strong>dorum</strong></span> <span class='ocrx_word' id='word_1_89' title='bbox 291 1893 472 1985; x_wconf 86' lang='lat' dir='ltr'><strong>proposuit</strong></span> <span class='ocrx_word' id='word_1_90' title='bbox 497 1902 599 1982; x_wconf 86' lang='lat' dir='ltr'><strong>atque</strong></span> <span class='ocrx_word' id='word_1_91' title='bbox 623 1894 722 1966; x_wconf 83' lang='lat' dir='ltr'><strong>auxit.</strong></span> <span class='ocrx_word' id='word_1_92' title='bbox 775 1895 873 1964; x_wconf 90' lang='lat' dir='ltr'><strong>Idem</strong></span> <span class='ocrx_word' id='word_1_93' title='bbox 898 1897 1037 1966; x_wconf 87' lang='lat' dir='ltr'><strong>nunciis</strong></span> <span class='ocrx_word' id='word_1_94' title='bbox 1057 1917 1146 1989; x_wconf 84' lang='lat' dir='ltr'><strong>per-</strong></span> 
     </span>
     <span class='ocr_line' id='line_1_15' title="bbox 132 1997 1145 2094; baseline 0.003 -26"><span class='ocrx_word' id='word_1_95' title='bbox 132 1999 253 2094; x_wconf 77' lang='lat' dir='ltr'><strong>petuis</strong></span> <span class='ocrx_word' id='word_1_96' title='bbox 278 1997 360 2089; x_wconf 86' lang='lat' dir='ltr'><strong>jura</strong></span> <span class='ocrx_word' id='word_1_97' title='bbox 396 1997 603 2092; x_wconf 89' lang='lat' dir='ltr'><strong>episcopalia</strong></span> <span class='ocrx_word' id='word_1_98' title='bbox 637 1999 714 2089; x_wconf 87' lang='lat' dir='ltr'><strong>pius</strong></span> <span class='ocrx_word' id='word_1_99' title='bbox 741 2022 844 2088; x_wconf 89' lang='lat' dir='ltr'><strong>quam</strong></span> <span class='ocrx_word' id='word_1_100' title='bbox 873 2010 972 2068; x_wconf 88' lang='lat' dir='ltr'><strong>antea</strong></span> <span class='ocrx_word' id='word_1_101' title='bbox 996 2000 1145 2071; x_wconf 84' lang='lat' dir='ltr'><strong>violavit</strong></span> 
     </span>
     <span class='ocr_line' id='line_1_16' title="bbox 136 2098 1147 2197; baseline 0.002 -25"><span class='ocrx_word' id='word_1_102' title='bbox 136 2104 194 2176; x_wconf 92' lang='lat' dir='ltr'><strong>IV.</strong></span> <span class='ocrx_word' id='word_1_103' title='bbox 233 2100 483 2193; x_wconf 78' lang='lat' dir='ltr'><strong>congregatio</strong></span> <span class='ocrx_word' id='word_1_104' title='bbox 509 2098 556 2168; x_wconf 88' lang='lat' dir='ltr'><strong>de</strong></span> <span class='ocrx_word' id='word_1_105' title='bbox 575 2104 831 2195; x_wconf 83' lang='lat' dir='ltr'><strong>propaganda</strong></span> <span class='ocrx_word' id='word_1_106' title='bbox 849 2101 938 2197; x_wconf 83' lang='lat' dir='ltr'><strong>fide</strong></span> <span class='ocrx_word' id='word_1_107' title='bbox 963 2103 1147 2194; x_wconf 77' lang='lat' dir='ltr'><strong>catholica</strong></span> 
     </span>
     <span class='ocr_line' id='line_1_17' title="bbox 136 2203 1147 2298; baseline 0.002 -22"><span class='ocrx_word' id='word_1_108' title='bbox 136 2226 158 2276; x_wconf 90' lang='lat' dir='ltr'><strong>a</strong></span> <span class='ocrx_word' id='word_1_109' title='bbox 188 2205 373 2298; x_wconf 79' lang='lat' dir='ltr'><strong>Gregorio</strong></span> <span class='ocrx_word' id='word_1_110' title='bbox 392 2203 475 2275; x_wconf 87' lang='lat' dir='ltr'><strong>XV.</strong></span> <span class='ocrx_word' id='word_1_111' title='bbox 501 2228 530 2272; x_wconf 92' lang='lat' dir='ltr'><strong>a.</strong></span> <span class='ocrx_word' id='word_1_112' title='bbox 554 2203 655 2272; x_wconf 89' lang='grc'><strong>1622</strong></span> <span class='ocrx_word' id='word_1_113' title='bbox 682 2229 724 2274; x_wconf 92' lang='lat' dir='ltr'><strong>eo</strong></span> <span class='ocrx_word' id='word_1_114' title='bbox 749 2208 908 2292; x_wconf 87' lang='lat' dir='ltr'><strong>consilio,</strong></span> <span class='ocrx_word' id='word_1_115' title='bbox 937 2215 976 2275; x_wconf 89' lang='lat' dir='ltr'><strong>ut</strong></span> <span class='ocrx_word' id='word_1_116' title='bbox 998 2208 1147 2283; x_wconf 81' lang='lat' dir='ltr'><strong>Missis·</strong></span> 
     </span>
     <span class='ocr_line' id='line_1_18' title="bbox 136 2307 1145 2404; baseline 0.003 -25"><span class='ocrx_word' id='word_1_117' title='bbox 136 2333 199 2379; x_wconf 89' lang='lat' dir='ltr'><strong>nes</strong></span> <span class='ocrx_word' id='word_1_118' title='bbox 230 2309 265 2375; x_wconf 92' lang='lat' dir='ltr'><strong>in</strong></span> <span class='ocrx_word' id='word_1_119' title='bbox 293 2307 451 2376; x_wconf 83' lang='lat' dir='ltr'><strong>Amerina</strong></span> <span class='ocrx_word' id='word_1_120' title='bbox 484 2317 518 2376; x_wconf 85' lang='lat' dir='ltr'><strong>et</strong></span> <span class='ocrx_word' id='word_1_121' title='bbox 552 2309 632 2376; x_wconf 86' lang='lat' dir='ltr'><strong>Asia</strong></span> <span class='ocrx_word' id='word_1_122' title='bbox 667 2333 709 2378; x_wconf 91' lang='lat' dir='ltr'><strong>eo</strong></span> <span class='ocrx_word' id='word_1_123' title='bbox 742 2312 852 2403; x_wconf 89' lang='lat' dir='ltr'><strong>magis</strong></span> <span class='ocrx_word' id='word_1_124' title='bbox 886 2310 1145 2404; x_wconf 83' lang='lat' dir='ltr'><strong>prosperarent,</strong></span> 
     </span>
    </p>
   </div>
   <div class='ocr_carea' id='block_1_5' title="bbox 57 2411 1147 3003">
    <p class='ocr_par' dir='ltr' id='par_1_5' title="bbox 57 2411 1147 3003">
     <span class='ocr_line' id='line_1_19' title="bbox 135 2411 1147 2510; baseline 0.004 -27"><span class='ocrx_word' id='word_1_125' title='bbox 135 2415 301 2497; x_wconf 89' lang='lat' dir='ltr'><strong>instituta,</strong></span> <span class='ocrx_word' id='word_1_126' title='bbox 338 2412 392 2478; x_wconf 91' lang='lat' dir='ltr'><strong>cui</strong></span> <span class='ocrx_word' id='word_1_127' title='bbox 429 2411 597 2480; x_wconf 69' lang='lat' dir='ltr'><strong>Urbanus</strong></span> <span class='ocrx_word' id='word_1_128' title='bbox 623 2413 729 2484; x_wconf 83' lang='lat' dir='ltr'><strong>VIII.</strong></span> <span class='ocrx_word' id='word_1_129' title='bbox 755 2438 784 2485; x_wconf 75' lang='lat' dir='ltr'><strong>a</strong></span> <span class='ocrx_word' id='word_1_130' title='bbox 808 2411 910 2483; x_wconf 80' lang='grc'><strong>1621</strong></span> <span class='ocrx_word' id='word_1_131' title='bbox 941 2414 1147 2510; x_wconf 78' lang='lat' dir='ltr'><strong>Collegium</strong></span> 
     </span>
     <span class='ocr_line' id='line_1_20' title="bbox 137 2515 1145 2612; baseline 0.002 -24"><span class='ocrx_word' id='word_1_132' title='bbox 137 2543 162 2588; x_wconf 89' lang='lat' dir='ltr'><strong>s.</strong></span> <span class='ocrx_word' id='word_1_133' title='bbox 194 2517 435 2587; x_wconf 81' lang='lat' dir='ltr'><strong>Seminarium</strong></span> <span class='ocrx_word' id='word_1_134' title='bbox 468 2515 513 2583; x_wconf 89' lang='lat' dir='ltr'><strong>de</strong></span> <span class='ocrx_word' id='word_1_135' title='bbox 541 2518 768 2610; x_wconf 88' lang='lat' dir='ltr'><strong>propaganda</strong></span> <span class='ocrx_word' id='word_1_136' title='bbox 802 2518 872 2586; x_wconf 90' lang='lat' dir='ltr'><strong>fide</strong></span> <span class='ocrx_word' id='word_1_137' title='bbox 905 2518 1078 2612; x_wconf 81' lang='lat' dir='ltr'><strong>adjunxit,</strong></span> <span class='ocrx_word' id='word_1_138' title='bbox 1113 2524 1145 2590; x_wconf 94' lang='lat' dir='ltr'><strong>in</strong></span> 
     </span>
     <span class='ocr_line' id='line_1_21' title="bbox 57 2611 1145 2716; baseline 0.005 -27"><span class='ocrx_word' id='word_1_139' title='bbox 57 2613 60 2621; x_wconf 60' lang='grc'>’</span> <span class='ocrx_word' id='word_1_140' title='bbox 136 2611 479 2713; x_wconf 86' lang='lat' dir='ltr'><strong>magnum·ecciesiae</strong></span> <span class='ocrx_word' id='word_1_141' title='bbox 506 2619 692 2688; x_wconf 88' lang='lat' dir='ltr'><strong>catholicae</strong></span> <span class='ocrx_word' id='word_1_142' title='bbox 713 2621 948 2709; x_wconf 87' lang='lat' dir='ltr'><strong>commodum,</strong></span> <span class='ocrx_word' id='word_1_143' title='bbox 975 2617 1145 2716; x_wconf 86' lang='lat' dir='ltr'><strong>simulque</strong></span> 
     </span>
     <span class='ocr_line' id='line_1_22' title="bbox 137 2723 1144 2815; baseline 0.002 -21"><span class='ocrx_word' id='word_1_144' title='bbox 137 2725 295 2795; x_wconf 82' lang='lat' dir='ltr'><strong>eximium</strong></span> <span class='ocrx_word' id='word_1_145' title='bbox 334 2723 538 2808; x_wconf 88' lang='lat' dir='ltr'><strong>litterarum,</strong></span> <span class='ocrx_word' id='word_1_146' title='bbox 578 2725 728 2814; x_wconf 87' lang='lat' dir='ltr'><strong>inprimis</strong></span> <span class='ocrx_word' id='word_1_147' title='bbox 763 2724 1004 2815; x_wconf 87' lang='lat' dir='ltr'><strong>Orientalium,</strong></span> <span class='ocrx_word' id='word_1_148' title='bbox 1046 2732 1144 2798; x_wconf 88' lang='lat' dir='ltr'><strong>cessit</strong></span> 
     </span>
     <span class='ocr_line' id='line_1_23' title="bbox 136 2825 1145 2904; baseline 0.007 -7"><span class='ocrx_word' id='word_1_149' title='bbox 136 2830 409 2898; x_wconf 88' lang='lat' dir='ltr'><strong>emolumentum.</strong></span> <span class='ocrx_word' id='word_1_150' title='bbox 462 2825 742 2901; x_wconf 42' lang='lat' dir='ltr'><strong>ldemerbanus</strong></span> <span class='ocrx_word' id='word_1_151' title='bbox 766 2829 856 2902; x_wconf 88' lang='lat' dir='ltr'><strong>VIII.</strong></span> <span class='ocrx_word' id='word_1_152' title='bbox 883 2830 926 2897; x_wconf 94' lang='lat' dir='ltr'><strong>de</strong></span> <span class='ocrx_word' id='word_1_153' title='bbox 952 2829 1145 2904; x_wconf 72' lang='lat' dir='ltr'><strong>Breoium</strong></span> 
     </span>
     <span class='ocr_line' id='line_1_24' title="bbox 135 2928 965 3003; baseline 0.001 -2"><span class='ocrx_word' id='word_1_154' title='bbox 135 2933 300 3001; x_wconf 87' lang='lat' dir='ltr'><strong>Romano</strong></span> <span class='ocrx_word' id='word_1_155' title='bbox 326 2928 532 2998; x_wconf 88' lang='lat' dir='ltr'><strong>emendatius</strong></span> <span class='ocrx_word' id='word_1_156' title='bbox 560 2930 695 2999; x_wconf 89' lang='lat' dir='ltr'><strong>edendo</strong></span> <span class='ocrx_word' id='word_1_157' title='bbox 721 2933 809 3001; x_wconf 89' lang='lat' dir='ltr'><strong>bene</strong></span> <span class='ocrx_word' id='word_1_158' title='bbox 834 2935 965 3003; x_wconf 90' lang='lat' dir='ltr'><strong>meruit.</strong></span> 
     </span>
    </p>
   </div>
   <div class='ocr_carea' id='block_1_6' title="bbox 64 3118 1142 4149">
    <p class='ocr_par' dir='ltr' id='par_1_6' title="bbox 64 3118 1142 3274">
     <span class='ocr_line' id='line_1_25' title="bbox 64 3118 1142 3200; baseline 0.008 -24"><span class='ocrx_word' id='word_1_159' title='bbox 64 3120 66 3127; x_wconf 57' lang='lat'><strong><em>⁴</em></strong></span> <span class='ocrx_word' id='word_1_160' title='bbox 181 3118 218 3199; x_wconf 87' lang='lat'><strong>1)</strong></span> <span class='ocrx_word' id='word_1_161' title='bbox 264 3121 309 3178; x_wconf 84' lang='lat' dir='ltr'><strong>Le</strong></span> <span class='ocrx_word' id='word_1_162' title='bbox 329 3121 431 3178; x_wconf 84' lang='lat' dir='ltr'><strong>Bret&#39;s</strong></span> <span class='ocrx_word' id='word_1_163' title='bbox 458 3121 675 3200; x_wconf 83' lang='lat' dir='ltr'><strong>pragmatisclre</strong></span> <span class='ocrx_word' id='word_1_164' title='bbox 698 3121 877 3182; x_wconf 86' lang='lat' dir='ltr'><strong>Geschichte</strong></span> <span class='ocrx_word' id='word_1_165' title='bbox 902 3122 956 3184; x_wconf 88' lang='lat' dir='ltr'><strong>der</strong></span> <span class='ocrx_word' id='word_1_166' title='bbox 982 3124 1087 3185; x_wconf 87' lang='lat' dir='ltr'><strong>Bulle:</strong></span> <span class='ocrx_word' id='word_1_167' title='bbox 1113 3125 1142 3185; x_wconf 89' lang='lat' dir='ltr'><strong>in</strong></span> 
     </span>
     <span class='ocr_line' id='line_1_26' title="bbox 134 3206 932 3274; baseline 0.013 -12"><span class='ocrx_word' id='word_1_168' title='bbox 134 3229 138 3245; x_wconf 85' lang='lat'><em>·</em></span> <span class='ocrx_word' id='word_1_169' title='bbox 220 3224 313 3263; x_wconf 90' lang='lat' dir='ltr'><strong>coena</strong></span> <span class='ocrx_word' id='word_1_170' title='bbox 335 3206 465 3267; x_wconf 78' lang='lat' dir='ltr'><strong>Domini:</strong></span> <span class='ocrx_word' id='word_1_171' title='bbox 491 3212 666 3274; x_wconf 79' lang='lat'><strong>1769—70.</strong></span> <span class='ocrx_word' id='word_1_172' title='bbox 696 3208 752 3269; x_wconf 81' lang='lat' dir='ltr'><strong>Th.</strong></span> <span class='ocrx_word' id='word_1_173' title='bbox 775 3208 880 3268; x_wconf 91' lang='lat' dir='ltr'><strong>I-IV.</strong></span> <span class='ocrx_word' id='word_1_174' title='bbox 902 3209 932 3272; x_wconf 79' lang='lat'><strong>4·</strong></span> 
     </span>
    </p>

    <p class='ocr_par' dir='ltr' id='par_1_7' title="bbox 177 3289 1142 3724">
     <span class='ocr_line' id='line_1_27' title="bbox 177 3289 1142 3373; baseline 0.008 -24"><span class='ocrx_word' id='word_1_175' title='bbox 177 3289 217 3373; x_wconf 82' lang='grc'><strong>2)</strong></span> <span class='ocrx_word' id='word_1_176' title='bbox 267 3291 304 3350; x_wconf 91' lang='lat' dir='ltr'><strong>V.</strong></span> <span class='ocrx_word' id='word_1_177' title='bbox 321 3291 465 3350; x_wconf 82' lang='lat' dir='ltr'><strong>Robnrdi</strong></span> <span class='ocrx_word' id='word_1_178' title='bbox 484 3293 561 3351; x_wconf 80' lang='lat' dir='ltr'><strong>sixti</strong></span> <span class='ocrx_word' id='word_1_179' title='bbox 583 3294 616 3353; x_wconf 92' lang='lat' dir='ltr'><strong>V.</strong></span> <span class='ocrx_word' id='word_1_180' title='bbox 639 3303 720 3372; x_wconf 86' lang='lat' dir='ltr'><strong>gesta</strong></span> <span class='ocrx_word' id='word_1_181' title='bbox 743 3295 975 3372; x_wconf 89' lang='lat' dir='ltr'><strong>quinquennalia</strong></span> <span class='ocrx_word' id='word_1_182' title='bbox 999 3294 1094 3362; x_wconf 84' lang='grc'><strong>1540.</strong></span> <span class='ocrx_word' id='word_1_183' title='bbox 1115 3294 1142 3359; x_wconf 93' lang='grc'><strong>4.</strong></span> 
     </span>
     <span class='ocr_line' id='line_1_28' title="bbox 222 3376 1141 3446; baseline 0.013 -12"><span class='ocrx_word' id='word_1_184' title='bbox 222 3376 260 3434; x_wconf 85' lang='lat' dir='ltr'><strong>G.</strong></span> <span class='ocrx_word' id='word_1_185' title='bbox 283 3379 356 3434; x_wconf 79' lang='lat' dir='ltr'><strong>Len·</strong></span> <span class='ocrx_word' id='word_1_186' title='bbox 383 3377 513 3435; x_wconf 80' lang='lat' dir='ltr'><strong>Historia</strong></span> <span class='ocrx_word' id='word_1_187' title='bbox 543 3379 594 3436; x_wconf 90' lang='lat' dir='ltr'><strong>des</strong></span> <span class='ocrx_word' id='word_1_188' title='bbox 611 3376 648 3443; x_wconf 88' lang='lat' dir='ltr'><strong>P.</strong></span> <span class='ocrx_word' id='word_1_189' title='bbox 671 3381 774 3439; x_wconf 84' lang='lat' dir='ltr'><strong>Sixtus</strong></span> <span class='ocrx_word' id='word_1_190' title='bbox 796 3381 831 3439; x_wconf 91' lang='lat' dir='ltr'><strong>V.</strong></span> <span class='ocrx_word' id='word_1_191' title='bbox 853 3401 906 3439; x_wconf 85' lang='lat' dir='ltr'><strong>uus</strong></span> <span class='ocrx_word' id='word_1_192' title='bbox 935 3381 1005 3440; x_wconf 88' lang='lat' dir='ltr'><strong>dem</strong></span> <span class='ocrx_word' id='word_1_193' title='bbox 1026 3383 1141 3446; x_wconf 86' lang='lat' dir='ltr'><strong>ltalien.</strong></span> 
     </span>
     <span class='ocr_line' id='line_1_29' title="bbox 220 3462 1141 3546; baseline 0.008 -28"><span class='ocrx_word' id='word_1_194' title='bbox 220 3462 321 3528; x_wconf 80' lang='lat' dir='ltr'><strong>iibere.</strong></span> <span class='ocrx_word' id='word_1_195' title='bbox 357 3467 446 3528; x_wconf 82' lang='lat'><strong>1693.</strong></span> <span class='ocrx_word' id='word_1_196' title='bbox 483 3462 668 3528; x_wconf 70' lang='lat' dir='ltr'><strong>Tul-111.</strong></span> <span class='ocrx_word' id='word_1_197' title='bbox 701 3469 732 3530; x_wconf 85' lang='lat'><strong>8.</strong></span> <span class='ocrx_word' id='word_1_198' title='bbox 785 3465 857 3525; x_wconf 81' lang='lat' dir='ltr'><strong>cus.</strong></span> <span class='ocrx_word' id='word_1_199' title='bbox 879 3469 1028 3546; x_wconf 65' lang='lat' dir='ltr'><strong>iimpestr&#39;</strong></span> <span class='ocrx_word' id='word_1_200' title='bbox 1050 3473 1141 3529; x_wconf 88' lang='lat' dir='ltr'><strong>storia</strong></span> 
     </span>
     <span class='ocr_line' id='line_1_30' title="bbox 220 3547 1141 3626; baseline 0.009 -21"><span class='ocrx_word' id='word_1_201' title='bbox 220 3547 298 3605; x_wconf 86' lang='lat' dir='ltr'><strong>della</strong></span> <span class='ocrx_word' id='word_1_202' title='bbox 326 3548 391 3606; x_wconf 81' lang='lat' dir='ltr'><strong>m&#39;ta</strong></span> <span class='ocrx_word' id='word_1_203' title='bbox 419 3567 435 3604; x_wconf 92' lang='lat' dir='ltr'><strong>e</strong></span> <span class='ocrx_word' id='word_1_204' title='bbox 461 3557 540 3626; x_wconf 75' lang='lat' dir='ltr'><strong>geste</strong></span> <span class='ocrx_word' id='word_1_205' title='bbox 570 3549 600 3608; x_wconf 94' lang='lat' dir='ltr'><strong>di</strong></span> <span class='ocrx_word' id='word_1_206' title='bbox 629 3551 708 3609; x_wconf 86' lang='lat' dir='ltr'><strong>Sisto</strong></span> <span class='ocrx_word' id='word_1_207' title='bbox 732 3551 766 3610; x_wconf 94' lang='lat' dir='ltr'><strong>V.</strong></span> <span class='ocrx_word' id='word_1_208' title='bbox 798 3549 890 3616; x_wconf 79' lang='lat'><strong>1754.</strong></span> <span class='ocrx_word' id='word_1_209' title='bbox 924 3553 980 3614; x_wconf 84' lang='lat' dir='ltr'><strong>Th.</strong></span> <span class='ocrx_word' id='word_1_210' title='bbox 1003 3555 1089 3617; x_wconf 44' lang='lat' dir='ltr'><strong>1.11.w</strong></span> <span class='ocrx_word' id='word_1_211' title='bbox 1113 3557 1141 3618; x_wconf 88' lang='grc'><strong>4.</strong></span> 
     </span>
     <span class='ocr_line' id='line_1_31' title="bbox 218 3632 893 3724; baseline 0.012 -34"><span class='ocrx_word' id='word_1_212' title='bbox 218 3655 249 3692; x_wconf 79' lang='lat' dir='ltr'><strong>o.</strong></span> <span class='ocrx_word' id='word_1_213' title='bbox 269 3632 462 3692; x_wconf 77' lang='lat' dir='ltr'><strong>Archenltolz</strong></span> <span class='ocrx_word' id='word_1_214' title='bbox 482 3634 581 3692; x_wconf 84' lang='lat' dir='ltr'><strong>kleine</strong></span> <span class='ocrx_word' id='word_1_215' title='bbox 601 3636 763 3724; x_wconf 58' lang='lat' dir='ltr'><strong>§christon</strong></span> <span class='ocrx_word' id='word_1_216' title='bbox 785 3636 822 3697; x_wconf 91' lang='lat' dir='ltr'><strong>N.</strong></span> <span class='ocrx_word' id='word_1_217' title='bbox 842 3636 893 3698; x_wconf 90' lang='lat' dir='ltr'><strong>1V.</strong></span> 
     </span>
    </p>

    <p class='ocr_par' dir='ltr' id='par_1_8' title="bbox 177 3717 1140 3890">
     <span class='ocr_line' id='line_1_32' title="bbox 177 3717 1140 3802; baseline 0.006 -26"><span class='ocrx_word' id='word_1_218' title='bbox 177 3717 217 3800; x_wconf 84' lang='lat'><strong>3)</strong></span> <span class='ocrx_word' id='word_1_219' title='bbox 244 3719 321 3783; x_wconf 68' lang='lat' dir='ltr'><strong>rh..</strong></span> <span class='ocrx_word' id='word_1_220' title='bbox 342 3721 443 3778; x_wconf 84' lang='lat' dir='ltr'><strong>Jomes</strong></span> <span class='ocrx_word' id='word_1_221' title='bbox 469 3720 582 3779; x_wconf 89' lang='lat' dir='ltr'><strong>bellum</strong></span> <span class='ocrx_word' id='word_1_222' title='bbox 605 3722 725 3802; x_wconf 87' lang='lat' dir='ltr'><strong>papale,</strong></span> <span class='ocrx_word' id='word_1_223' title='bbox 756 3721 819 3781; x_wconf 87' lang='lat' dir='ltr'><strong>sive</strong></span> <span class='ocrx_word' id='word_1_224' title='bbox 841 3721 1006 3783; x_wconf 88' lang='lat' dir='ltr'><strong>concordia</strong></span> <span class='ocrx_word' id='word_1_225' title='bbox 1028 3723 1140 3784; x_wconf 79' lang='lat' dir='ltr'><strong>discors</strong></span> 
     </span>
     <span class='ocr_line' id='line_1_33' title="bbox 218 3803 1140 3890; baseline 0.009 -28"><span class='ocrx_word' id='word_1_226' title='bbox 218 3803 295 3863; x_wconf 76' lang='lat' dir='ltr'><strong>sixti</strong></span> <span class='ocrx_word' id='word_1_227' title='bbox 310 3805 344 3864; x_wconf 93' lang='lat' dir='ltr'><strong>V.</strong></span> <span class='ocrx_word' id='word_1_228' title='bbox 367 3815 397 3864; x_wconf 84' lang='lat' dir='ltr'><strong>et</strong></span> <span class='ocrx_word' id='word_1_229' title='bbox 419 3805 578 3866; x_wconf 86' lang='lat' dir='ltr'><strong>clementis</strong></span> <span class='ocrx_word' id='word_1_230' title='bbox 592 3808 668 3874; x_wconf 87' lang='lat' dir='ltr'><strong>VIII.</strong></span> <span class='ocrx_word' id='word_1_231' title='bbox 691 3809 769 3867; x_wconf 88' lang='lat' dir='ltr'><strong>circa</strong></span> <span class='ocrx_word' id='word_1_232' title='bbox 791 3807 1058 3890; x_wconf 86' lang='lat' dir='ltr'><strong>Hieronymianam</strong></span> <span class='ocrx_word' id='word_1_233' title='bbox 1078 3810 1140 3870; x_wconf 89' lang='lat' dir='ltr'><strong>edi-</strong></span> 
     </span>
    </p>

    <p class='ocr_par' dir='ltr' id='par_1_9' title="bbox 118 3890 902 3961">
     <span class='ocr_line' id='line_1_34' title="bbox 118 3890 902 3961; baseline 0.015 -16"><span class='ocrx_word' id='word_1_234' title='bbox 118 3894 121 3903; x_wconf 58' lang='lat'>*</span> <span class='ocrx_word' id='word_1_235' title='bbox 217 3890 337 3949; x_wconf 85' lang='lat' dir='ltr'><strong>tionem.</strong></span> <span class='ocrx_word' id='word_1_236' title='bbox 362 3896 452 3961; x_wconf 79' lang='lat'>1600.</span> <span class='ocrx_word' id='word_1_237' title='bbox 475 3890 505 3954; x_wconf 88' lang='grc'><strong>4.</strong></span> <span class='ocrx_word' id='word_1_238' title='bbox 528 3893 573 3950; x_wconf 89' lang='lat' dir='ltr'><strong>ed.</strong></span> <span class='ocrx_word' id='word_1_239' title='bbox 596 3897 625 3956; x_wconf 79' lang='lat'><strong>2.</strong></span> <span class='ocrx_word' id='word_1_240' title='bbox 650 3896 743 3958; x_wconf 83' lang='lat'><strong>1678.</strong></span> <span class='ocrx_word' id='word_1_241' title='bbox 766 3895 795 3956; x_wconf 91' lang='grc'><strong>8.</strong></span> <span class='ocrx_word' id='word_1_242' title='bbox 901 3920 902 3923; x_wconf 65' lang='grc'>’</span> 
     </span>
    </p>

    <p class='ocr_par' dir='ltr' id='par_1_10' title="bbox 176 3972 1140 4056">
     <span class='ocr_line' id='line_1_35' title="bbox 176 3972 1140 4056; baseline 0 -18"><span class='ocrx_word' id='word_1_243' title='bbox 176 3972 220 4054; x_wconf 81' lang='grc'><strong>4)</strong></span> <span class='ocrx_word' id='word_1_244' title='bbox 263 3976 380 4035; x_wconf 86' lang='lat' dir='ltr'><strong>Erectio</strong></span> <span class='ocrx_word' id='word_1_245' title='bbox 413 3998 438 4041; x_wconf 87' lang='lat' dir='ltr'><strong>s.</strong></span> <span class='ocrx_word' id='word_1_246' title='bbox 476 3979 718 4056; x_wconf 84' lang='lat' dir='ltr'><strong>congregationis</strong></span> <span class='ocrx_word' id='word_1_247' title='bbox 749 3978 955 4039; x_wconf 75' lang='lat' dir='ltr'><strong>cardinalium</strong></span> <span class='ocrx_word' id='word_1_248' title='bbox 993 4001 1051 4038; x_wconf 85' lang='lat' dir='ltr'><strong>nec</strong></span> <span class='ocrx_word' id='word_1_249' title='bbox 1082 4000 1140 4040; x_wconf 90' lang='lat' dir='ltr'><strong>non</strong></span> 
     </span>
    </p>

    <p class='ocr_par' dir='ltr' id='par_1_11' title="bbox 217 4060 1140 4149">
     <span class='ocr_line' id='line_1_36' title="bbox 217 4060 1140 4149; baseline 0.007 -29"><span class='ocrx_word' id='word_1_250' title='bbox 217 4061 423 4122; x_wconf 82' lang='lat' dir='ltr'><strong>Praelatouum</strong></span> <span class='ocrx_word' id='word_1_251' title='bbox 445 4083 487 4149; x_wconf 22' lang='lat' dir='ltr'><strong>&#39;ac</strong></span> <span class='ocrx_word' id='word_1_252' title='bbox 508 4065 701 4144; x_wconf 76' lang='lat' dir='ltr'><strong>Regularium</strong></span> <span class='ocrx_word' id='word_1_253' title='bbox 730 4064 866 4132; x_wconf 83' lang='lat' dir='ltr'><strong>virorum</strong></span> <span class='ocrx_word' id='word_1_254' title='bbox 888 4065 926 4125; x_wconf 88' lang='lat' dir='ltr'><strong>de</strong></span> <span class='ocrx_word' id='word_1_255' title='bbox 949 4060 1140 4133; x_wconf 64' lang='grc'><strong>1111111010-</strong></span> 
     </span>
    </p>
   </div>
   <div class='ocr_carea' id='block_1_7' title="bbox 0 0 1293 4732">
    <p class='ocr_par' dir='ltr' id='par_1_12' title="bbox 0 0 1293 4732">
     <span class='ocr_line' id='line_1_37' title="bbox 0 0 1293 4732; baseline 0 0"><span class='ocrx_word' id='word_1_256' title='bbox 0 0 1293 4732; x_wconf 95' lang='lat' dir='ltr'><strong> </strong></span> 
     </span>
    </p>
   </div>
  </div>
 </body>
</html>
