2572 4732
220 458 298 527 Pers
313 455 357 530 11.
398 453 434 525 A
451 453 568 527 coms.
583 453 638 528 M.
654 476 729 548 usq.
744 397 975 551 orl'Gregor.
990 457 1044 532 M.
1096 458 1150 533 us

138 642 318 716 Nestorius
333 640 470 735 cyrillo
500 644 684 737 opposuit,
718 644 925 737 intelligitur.
977 646 1056 718 Puri
1088 672 1145 718 ur-
1173 694 1175 704 .

136 749 224 818 dore
269 757 306 818 et
343 749 492 841 partium
528 747 639 816 studio
670 746 759 816 haee
788 772 889 818 causa
919 751 955 818 in
992 751 1145 824 Concilio

135 850 480 944 Ephesinoa.431
506 851 694 944 dijudicata
720 860 755 920 et
775 853 947 941 absoluta,
975 864 1016 923 ut
1042 880 1145 950 snpra
1220 888 1222 895 ¹

135 951 198 1050 (§.
224 953 299 1047 83)
333 955 492 1029 dictum·
522 956 697 1024 Nestorius
723 956 759 1023 in
792 958 944 1027 exsilium
969 959 1086 1030 missus
1112 985 1142 1036 a.

123 1057 214 1128 48ss
237 1060 309 1151 (vel
334 1057 430 1150 44⁰)
457 1058 549 1128 diem
584 1059 668 1127 obiit
693 1079 907 1151 supremum,
941 1063 1063 1132 multos
1085 1087 1143 1134 re-

134 1165 290 1254 linquens
318 1164 444 1235 amices
471 1172 504 1231 et
530 1162 749 1248 defensores,
779 1185 925 1252 quorum
950 1166 1047 1235 sedes
1068 1169 1142 1259 pri-

134 1268 242 1338 maria
262 1266 381 1336 sohola
401 1275 437 1336 et
462 1266 605 1336 eeclesia
624 1262 815 1336 Edessena
838 1267 920 1358 fuit,
947 1290 990 1337 ex
1019 1292 1088 1359 qua
1107 1271 1142 1340 in

134 1371 287 1440 Persium
323 1370 472 1459 aliasque
505 1371 607 1443 Asiae
639 1381 757 1462 partes
778 1371 986 1464 migrarunt3
1026 1373 1141 1463 ibique

134 1473 246 1549 Secta
265 1463 581 1560 Nestoriuaorum,
623 1476 681 1563 qui
711 1486 746 1542 et
774 1474 957 1547 Chaldaei
980 1485 1013 1544 et
1045 1474 1140 1548 ΤΙιο-

132 1579 234 1648 mom'
258 1577 491 1665 nominantur,
514 1578 675 1647 existere
704 1580 833 1699 eoepit,
861 1587 896 1648 et
918 1579 964 1647 ad
988 1590 1139 1651 nostrum
1224 1604 1226 1608 ’

132 1692 269 1775 tempus
286 1681 495 1787 perduravit.
546 1682 601 1750 De
626 1683 774 1774 genuina
799 1684 947 1753 Nestorii
975 1687 1139 1754 sententia

133 1810 289 1880 semper,
334 1809 437 1877 quam
462 1786 607 1854 maxime
635 1795 758 1858 nostro
785 1809 890 1878 aevo,
933 1787 1139 1881 disputatum

133 1899 196 1964 est.
246 1889 482 2010 Utcunque
458 1900 571 1959 autem
597 1898 665 1974 est,
700 1913 758 1978 ea,
791 1914 858 1980 qua
892 1892 1068 1983 proposita
1104 1903 1141 1962 et

132 1995 176 2064 ab
199 1994 354 2063 universa
372 1989 517 2064 eeclesia
539 1993 699 2064 damnata
718 2003 791 2084 est,
809 1995 923 2064 forme
941 1998 1139 2090 neutiquam
1273 2068 1277 2080 .

132 2098 273 2168 defendi
297 2107 421 2192 potest.

174 2287 275 2346 Marii
304 2286 486 2344 Mercatoris
520 2282 558 2341 de
587 2280 702 2342 haeresi
727 2281 857 2341 Nestorii
884 2291 941 2340 etc.
977 2283 1056 2363 Opp.
1089 2284 1138 2350 ed.

216 2373 261 2430 Jo.
284 2370 423 2450 Garnerii
446 2373 540 2434 1673.
562 2369 597 2430 Ρ.
615 2369 654 2432 IL
675 2369 712 2432 cs.
734 2367 874 2427 Gallandi
893 2366 970 2427 Bibl·
997 2368 1079 2430 Patr·
1102 2371 1136 2435 Τ.

217 2456 293 2518 Vlll.
314 2479 344 2536 p.
366 2461 428 2522 613
442 2474 536 2533 seqq..

173 2542 317 2603 Liberata·
345 2541 534 2602 Breviarium
566 2558 672 2600 causae
709 2539 827 2598 Nestor.
856 2546 887 2597 et
912 2536 1041 2617 Eutych.
1080 2537 1136 2600 Ed.

163 2701 170 2709 .
219 2626 369 2689 Garnerii.
400 2627 492 2693 1675.
522 2629 552 2691 8.
588 2625 627 2688 cf.
663 2624 802 2684 Gellandi
830 2625 866 2690 B.
886 2623 920 2687 P.
953 2625 987 2685 T.
1010 2623 1077 2690 ΧΗ.
1105 2646 1136 2705 p.

105 2802 107 2809 ⁸
173 2718 281 2861 pigi
293 2733 451 2860 iiiiinsks
472 2795 605 2856 Exarsit.
626 2794 666 2853 de
686 2794 930 2856 Nestoriauismo.
952 2793 1044 2860 1724.
1066 2794 1097 2859 4.

128 2931 131 2937 .
172 2917 218 2932 -·
237 2917 281 2932 -
301 2882 345 2930 --'
361 2884 405 2943 de
425 2881 554 2944 Nestorii
574 2880 698 2942 meritis.
723 2884 816 2946 1788.
839 2878 870 2943 4.
1031 2910 1033 2914 >

173 2969 203 3031 J.
226 2971 263 3030 G
285 2968 414 3030 Schmid
438 2989 512 3030 vera
532 2966 662 3026 Nestorii
693 2966 731 3026 de
758 2965 870 3026 unione
896 2965 1113 3027 naturarum
1104 2987 1138 3026 m

217 3049 683 3117 Christosententia.1793·4

174 3131 341 3202 Aeasmani
362 3141 401 3202 de
429 3141 512 3220 Syris
534 3137 747 3199 Nestoriauis'
738 3157 770 3196 m
796 3135 872 3196 Bibl.
894 3083 1010 3196 Orioni.
1036 3137 1070 3196 Τ.
1084 3135 1136 3201 111.

217 3228 250 3291 P
271 3229 309 3292 ll.
851 3246 862 3281 ι

566 3459 602 3560 ι.
630 3373 691 3534 ..ζ

208 3647 260 3718 Ut
280 3647 476 3719 divisionem
501 3656 715 3720 naturarum,
742 3660 846 3730 quam
870 3635 1134 3704 Nestoriusdo-

132 3775 210 3822 eere
243 3753 462 3840 credebatur,
495 3753 650 3836 evitaret,
683 3741 887 3832 Eutyches,
913 3736 1134 3832 Praepositae
1267 3748 1269 3754 '

131 3853 330 3925 Monasterii
361 3857 534 3927 Constant
571 3843 945 3946 (Ἀρχιμαιιὸρίτης),
953 3860 1064 3913 senex
1089 3842 1135 3910 ad

133 3956 345 4030 subtilitates
365 3960 576 4052 theologicas
609 3976 732 4079 parum
764 3958 882 4042 aptus,
922 3929 1133 4016 admodum

133 4063 353 4162 Apollinaris,
380 4065 620 4137 confusionem
636 4051 859 4154 (σύγχυσιν)
880 4059 1075 4239 ngurarum
1100 4057 1134 4118 et
1194 4109 1196 4117 ,
1269 4104 1272 4109 .
