2572 4732
134 442 189 519 18
283 443 409 514 Parsl
443 439 606 554 Historia
627 442 807 512 ecclesiae
820 442 1002 536 antiquos
1037 444 1040 449 “

138 636 229 706 cenis
260 634 464 726 reportavit
502 631 659 717 uictoria,
685 608 865 701 eeclesiam
896 598 1143 704 occidentalem

138 765 160 808 a
186 744 281 808 metu
312 730 561 808 Saracenorum
593 744 628 804 et
665 734 841 831 lslamismi
874 736 1071 809 felicissime
1101 738 1143 808 li

137 844 281 917 terant

183 1014 228 1075 Ge
248 1012 407 1074 Εἰιιιιιοὶιιί
427 1010 555 1072 historia
577 1008 765 1072 Saraceniea.
788 1009 868 1073 Edit.
891 1010 1001 1093 Erpen.

180 1119 255 1181 εἰη,
287 1114 365 1174 Ockl
364 1116 422 1194 ey's
460 1109 636 1173 Geschichte
672 1111 726 1172 der
762 1115 938 1180 Saraaenen.
982 1115 1046 1177 nus
1077 1115 1145 1183 dum

221 1199 306 1280 Engl
325 1200 427 1265 libers
447 1199 505 1262 Ἧι.
519 1199 542 1258 l
558 1198 596 1261 Π

73 1328 74 1335 ¹
181 1301 364 1383 Redegarii
385 1300 566 1363 Chronioon.
589 1323 614 1364 c.
631 1306 672 1372 32
689 1320 769 1383 seqq.
790 1311 859 1385 post
881 1303 1005 1383 Gregor.
1029 1303 1144 1408 Turon'.

223 1388 294 1449 hist.
316 1389 386 1449 ecel.
409 1389 553 1449 Francor.

183 1489 371 1553 cardonam
394 1466 502 1555 Gesolr.
529 1511 593 1564 uon
621 1489 737 1549 Africa
752 1504 784 1552 ιι.
809 1490 939 1570 Spanien
967 1499 1060 1550 unter
1089 1487 1156 1549 dor·

225 1576 457 1649 Hemelraftd
479 1575 1009 1639 mahometinorum
1027 1573 1085 1691 Ἧι.
1100 1566 1137 1635 l

528 1852 534 1881 ³
578 1853 701 1954 §.sa
783 1888 786 1899 ·

76 2053 80 2065 ’
189 2031 240 2104 Ut
266 2031 428 2101 damnum
454 2053 498 2101 ex
520 2031 698 2101 Islamismi
721 2053 910 2124 progressu
931 2038 1062 2118 ortum,
1088 2030 1145 2098 vel
1196 2060 1198 2064 >

136 2160 300 2232 praeseus
336 2136 391 2205 sel
420 2136 588 2223 futurum,
622 2124 852 2226 resarcirent,
897 2136 1141 2227 gubernatores

137 2242 301 2312 eeclesiae
334 2238 551 2309 occidentalis
580 2238 625 2308 de
651 2239 804 2308 remedio
837 2239 1045 2331 cogitarunt,
1073 2261 1142 2328 quo

70 2400 102 2416 ff
136 2344 174 2415 id
206 2347 281 2414 fieri
315 2353 349 2413 et
381 2346 522 2434 societas
564 2345 831 2414 Christianorum
864 2344 983 2434 augeri
1015 2345 1141 2435 posset

136 2449 278 2525 Nullum
304 2456 418 2517 autem
444 2447 613 2516 efficacius
648 2448 776 2534 visum,
820 2469 922 2537 quam
955 2445 1156 2516 Missioues.

136 2553 183 2623 ad
209 2552 359 2647 Gentiles
386 2559 420 2620 et
444 2551 596 2621 Judaeos
615 2552 786 2645 religionis
813 2551 848 2619 et
868 2551 1030 2619 ecelesiae
1055 2571 1142 2643 pro-

135 2644 320 2750 pagandae
351 2678 469 2742 causa,
503 2678 599 2723 more
634 2656 879 2746 Apostolorum
912 2664 947 2722 et
979 2654 1148 2744 *antiquae

138 2759 313 2832 ecclesiae.
364 2758 408 2826 Id
432 2759 561 2850 negotii
589 2758 729 2827 clericis
746 2757 790 2826 ad
804 2758 892 2826 hanc
907 2781 981 2826 rem
1000 2756 1143 2843 idoneis,

134 2864 320 2958 praecipue
346 2871 459 2930 autem
485 2861 694 2947 Monachus,
720 2884 1036 2955 quorumnumerus
1062 2859 1143 2930 inde

136 2991 158 3036 a
183 2990 271 3036 saec.
293 2965 345 3034 IV
369 2966 470 3034 valde
489 2976 624 3054 auctus,
652 2958 892 3035 demandatum
910 2974 969 3034 est.
1022 2960 1146 3055 ltaque

34 3140 37 3145 .
134 3070 298 3170 prudenti
319 3070 457 3143 consilio
478 3069 513 3138 in
538 3070 683 3138 ecclesia
704 3070 904 3140 occidentali
929 3070 1078 3158 factum,
1104 3081 1141 3137 ut

135 3173 302 3269 Religiosi
326 3170 503 3242 haberent
526 3174 755 3277 provinciam,
794 3175 829 3241 in
855 3196 923 3262 qua
949 3195 1010 3242 sua
1042 3195 1141 3240 exer-

136 3278 214 3347 citia
247 3277 432 3380 spiritualia
461 3275 585 3346 utiliter
618 3272 789 3346 instituere
828 3283 991 3368 possent,
1038 3284 1073 3343 et
1104 3284 1141 3351 ut
1194 3322 1197 3335 .

134 3370 344 3451 Monosteria
364 3403 433 3449 non
458 3380 566 3451 solum
588 3371 798 3477 ἇσιιιιτήριιιχ
822 3378 883 3447 sed
906 3380 1006 3447 etiam
1028 3403 1140 3472 φρον-

133 3475 294 3581 τισιῆρια
326 3491 360 3552 et
388 3483 680 3576 Congregationes
722 3484 766 3552 ‹le
799 3482 1030 3579 propaganda
1068 3481 1140 3555 fide

102 3577 176 3656 'ao
201 3590 352 3689 pietate
363 3587 494 3658 fierent.
559 3587 614 3661 Eo
648 3588 782 3656 nomine
816 3586 960 3655 maxime
986 3586 1140 3653 inclaruit

17 3708 18 3712 ’
134 3679 226 3759 ordo
247 3689 500 3762 Monechorum
525 3713 611 3759 saec.
628 3692 677 3760 Vl
698 3690 925 3759 aBeoedioto
951 3674 1140 3775 Nursiensi

132 3793 299 3874 institutus
324 3795 395 3867 et
385 3816 420 3862 ιιι
432 3818 562 3865 omnes
577 3796 652 3864 fere
665 3795 828 3888 Europae
848 3803 961 3891 partes
947 3792 1139 3863 sdiffusus.

176 3979 203 4043 1.
225 3981 262 4040 F.
285 3979 395 4039 Illi-soh
426 3979 473 4040 ffie
494 3990 565 4060 gnte
594 3978 690 4039 Socho
719 3980 775 4039 der
802 3977 983 4060 ehemaligen
1004 3978 1154 4042 Heium-⁴

217 4065 432 4149 bekohrungen
451 4067 486 4128 in
506 4067 567 4127 <lon
587 4065 724 4126 mntem
745 4065 859 4130 Zoitsn·
887 4073 978 4134 1726.
1001 4071 1031 4131 ὃ.
