2572 4732
117 473 118 477 ¹
198 442 226 516 o
264 526 274 551 ‚
313 440 430 517 ¹'Pnrs
442 445 470 515 1.
505 445 670 516 Historia
688 445 862 516 ecclesius
881 430 1062 538 antiquus.

203 634 317 705 nendo
337 634 408 703 erit.
460 634 502 704 ld
526 644 657 703 tantum
680 656 722 704 ex
737 634 878 728 historia
894 644 929 704 et
950 636 1152 705 oeconomia
1164 635 1210 706 N.

195 740 248 810 Τ.
268 738 511 832 repetendum,
530 741 715 835 Dominum
731 725 883 810 nostrum
898 740 1020 809 Jesum
1038 736 1212 810 Christum

105 934 108 940 Δ
204 866 278 912 esse
301 835 366 937 τὴν
390 834 573 938 κεφαλὴν
566 847 635 914 τοῦ
662 835 842 934 σώματος,
869 835 984 936 (roir'
1013 845 1122 932 ionio)
1145 847 1212 939 τῆς

204 946 386 1042 ἐκκλησίας
411 947 563 1038 (Coloss.
586 948 622 1033 I,
645 945 706 1015 18.
741 947 873 1039 Ephes.
892 950 927 1035 1,
952 947 1031 1039 23.)
1061 952 1212 1038 eumque

204 1051 377 1146 discipulis
403 1054 468 1121 suis
488 1063 591 1142 atque
621 1049 795 1142 Apostolis
821 1052 885 1121 rite
917 1053 1046 1122 vocatis
1066 1052 1212 1121 manda-

203 1165 276 1224 tum
303 1155 456 1242 dedisse,
481 1167 520 1223 ut
540 1166 622 1249 post
645 1155 718 1248 ejus
744 1155 891 1224 reditum
917 1157 963 1225 ad
988 1150 1123 1248 patrem
1150 1181 1213 1226 ec-

205 1260 345 1328 clesiam
368 1260 413 1327 ab
446 1261 522 1352 ipso
554 1259 771 1328 instauratam
807 1283 869 1328 suo
901 1262 1038 1331 nomine
1071 1283 1212 1330 conser-

203 1372 332 1448 varent,
359 1372 523 1456 augerent
547 1371 583 1431 et
602 1371 772 1455 regerent.
830 1363 881 1434 Ut
907 1363 952 1432 ad
980 1363 1049 1432 hoc
1071 1365 1212 1457 negoti-

204 1490 264 1536 um
278 1469 396 1560 magis
402 1467 516 1539 idonei
533 1467 767 1554 redderentur,
781 1486 858 1535 cum
873 1467 1047 1560 Apostolis
1060 1468 1212 1560 Spiritus

205 1561 367 1657 Sanctus,
408 1594 511 1661 quem
551 1582 714 1664 tanquam
754 1562 887 1664 ὁδηγὸν
923 1580 958 1640 et
980 1563 1212 1674 παράκλητον

170 1727 172 1731 ⁷
202 1675 368 1744 Dominus
398 1676 602 1778 promiserat
633 1674 707 1764 (Jo.
730 1675 822 1761 XlV,
848 1673 907 1744 16.
929 1665 990 1743 26.
1041 1677 1126 1763 XV,
1149 1675 1211 1747 26.

203 1779 286 1847 XVI
288 1778 378 1869 ,⁸l.),
405 1781 670 1846 communicatus
685 1779 757 1845 fuit.
811 1779 894 1847 Post
913 1777 1005 1846 hano·
1023 1727 1212 1850 soleninem

204 1883 350 1951 muneris
378 1883 569 1974 Apostolici
604 1882 897 1974 inaugurationem
924 1883 1143 1975 (Asturii.)
1171 1885 1259 1955 S..

203 1985 384 2078 Evangelii
409 2008 608 2080 praecones,
623 1987 762 2055 ulterius
780 1984 1027 2077 Hierosolymis
1054 2010 1211 2056 commo-

203 2102 335 2177 rantes,
370 2090 546 2159 ecclesiam
581 2091 630 2159 ibi
657 2092 844 2184 plantatam
877 2090 1048 2159 communi
1071 2094 1210 2160 consilio

205 2204 239 2262 et
260 2217 367 2286 opere
401 2203 611 2263 curaverunt.
679 2194 793 2283 Qpam
825 2193 883 2262 diu
920 2204 1030 2262 sutem
1063 2195 1098 2263 in
1123 2197 1211 2265 urbe

208 2309 323 2366 sancta
341 2300 542 2377 manserint,
569 2308 604 2366 et
626 2321 694 2388 quo
715 2307 819 2390 pacto
840 2300 1018 2390 negotium
1039 2298 1085 2368 do
1105 2290 1210 2368 euan-
1259 2295 1271 2308 ⁹

203 2403 296 2495 gelio
321 2403 411 2470 iuter
434 2411 554 2494 gentes
588 2401 820 2493 praedicando
851 2402 938 2471 inter
964 2426 1001 2470 se
1028 2402 1211 2493 diviserint,

203 2529 270 2596 pro
297 2515 390 2574 certo
417 2529 485 2574 non
512 2515 662 2594 constat,
697 2529 776 2574 cum
804 2505 1036 2574 traditionibus
1064 2506 1108 2575 de
1142 2507 1211 2575 hac

203 2631 242 2678 re
267 2609 366 2679 variis
383 2624 456 2677 non
478 2609 621 2679 multum
647 2599 852 2678 auctoritatis
879 2609 922 2679 sit
947 2610 1174 2683 tribuendum.

248 2815 357 2876 Omnia
385 2817 464 2890 iere,
498 2834 575 2894 quae
604 2813 643 2875 de
671 2812 822 2896 Apostolis
858 2823 968 2875 extant
995 2834 1034 2874 ex
1056 2834 1130 2874 aevo
1161 2835 1210 2875 se-

290 2901 388 2978 quiori
401 2901 573 2961 testimonia
591 2900 680 2962 valde
694 2910 766 2962 sunt
781 2911 921 2980 suspecta
942 2909 973 2960 et
984 2901 1093 2960 fabulis
1105 2902 1210 2964 mixta.

291 2987 331 3055 Id¹
356 2987 495 3068 inprimis
522 2988 605 3049 valet
638 2987 676 3049 de
701 2989 862 3046 vocatione
893 2999 920 3046 et
951 2985 1104 3048 divisione
1125 2988 1211 3067 Apo·

291 3073 443 3133 stolorum
472 3071 523 3154 (in
552 3073 640 3156 cujus
673 3073 850 3134 memoriam
876 3073 986 3135 festum
1017 3072 1049 3132 d.
1075 3073 1132 3134 XV
1151 3075 1209 3137 Jul.

288 3159 463 3226 institutum
485 3157 651 3240 creditur),
675 3159 713 3228 de
734 3179 840 3220 sorum
867 3160 1020 3240 symbolo,
1042 3162 1130 3237 vita,
1146 3159 1211 3239 fa·
1246 3191 1249 3195 .

291 3248 350 3320 tis,
372 3246 536 3304 itineribus
557 3258 586 3305 et
602 3246 803 3325 passionibus
820 3256 878 3318 etc.

247 3331 292 3390 Io.
314 3331 357 3392 A.
379 3330 509 3392 Sclzmid
529 3332 567 3391 de
587 3331 695 3391 habitu
716 3341 747 3392 et
767 3332 932 3412 insignibus
954 3333 1059 3411 spost.

246 3453 287 3464 -
309 3453 353 3464 —-
376 3451 413 3463 -
438 3417 476 3476 de
497 3415 649 3498 Apostolis
670 3421 817 3478 uxoratis.
842 3416 938 3483 1734.
955 3415 985 3480 4.

246 3504 291 3562 Jn.
318 3504 388 3565 Cirr.
416 3503 534 3562 Kicher
556 3504 593 3564 de
614 3503 773 3574 Cathedris
795 3503 899 3583 Apost.
923 3503 1015 3567 1751.
1039 3502 1069 3567 4.

246 3586 272 3650 J.
294 3592 349 3652 Fr.
371 3591 472 3668 Meyer
495 3589 533 3648 de
556 3600 710 3652 conventu
737 3589 842 3672 Apost.
871 3587 910 3648 ud
940 3597 1068 3648 mortem
1089 3586 1211 3649 Mariae.

288 3676 323 3735 Ili
346 3696 368 3736 s.
390 3680 484 3742 1671.
507 3672 537 3738 4.

191 3753 212 3785 '¹
247 3699 1075 3843 LudieappellihistoriaAp.illustrats.1688.4.

207 3876 212 3885 ·
247 3850 290 3909 J..
299 3851 334 3912 F.
357 3847 511 3909 Buddeus
532 3848 714 3910 deecclesia
735 3847 840 3925 sipost.
864 3849 957 3913 1729.
980 3849 1010 3910 8.
1132 3858 1136 3864 ’

245 3935 289 3994 A.
311 3933 456 3995 manner
478 3930 657 4011 Geschichte
680 3935 734 3999 der
754 3933 918 4012 Pilanzung
902 3932 997 3993 ound
1017 3933 1143 4012 Leitung
1155 3934 1211 3996 der

208 4100 211 4104 Ι
264 4019 356 4147 ‚dm
378 4019 489 4081 Kirche
513 4021 614 4082 durch
635 4020 684 4083 die
705 4018 836 4107 Aposlel.
864 4016 974 4080 Hemb.
1000 4022 1091 4084 1832.
1115 4023 1145 4084 8.
