2572 4732
253 409 329 517 Per.
344 407 405 507 ill„
437 407 474 478 A
492 405 609 507 Greg.
624 403 678 478 M.
693 428 768 503 usq.
783 407 837 477 ad
853 361 975 479 Curet.
989 409 1041 484 Μ
1099 409 1151 481 83

481 766 484 773 ’
560 762 649 835 (iar.
674 762 736 833 Ill.

194 948 197 953 '
230 942 256 1045 J
317 935 380 1031 De
412 934 646 1031 scriptoribus
683 929 787 1029 hujus
818 933 975 1010 Periodi.

511 1214 514 1219 ·
581 1220 619 1323 s.
644 1225 706 1296 os.

192 1468 196 1473 .
219 1393 386 1481 Praesens
408 1407 636 1492 tempusnec
667 1397 812 1493 multos,
854 1421 919 1467 nec
944 1400 1146 1474 excellentes

140 1504 282 1596 protulit
307 1504 509 1596 scriptores,
550 1504 597 1570 ita
629 1513 666 1574 ut
703 1526 781 1573 cum
814 1502 934 1571 divitiis
970 1505 1145 1595 litterariis,

138 1608 265 1696 quibus
294 1608 374 1679 Per.
394 1607 437 1678 ΙΙ.
470 1607 642 1693 abundat,
687 1607 742 1674 vix
775 1629 815 1672 ac
849 1631 892 1674 ne
926 1607 982 1674 vix
1007 1610 1145 1697 quidem

142 1711 335 1802 eomparari
355 1710 475 1802 possit·
523 1711 565 1779 ln
591 1711 734 1779 ecclesia
761 1709 924 1778 Orientali
949 1723 1144 1783 controver-

140 1815 213 1887 siae
237 1813 535 1904 Monophysiticae
559 1822 593 1883 et
619 1813 922 1902 Monotheleticae,
948 1813 1144 1887 foecundis-

141 1918 226 1990 simo
250 1904 432 1989 multarum
454 1919 658 2009 ineptiarum
684 1927 719 1984 et
733 1917 893 1997 sterilium
911 1920 1143 2005 quaestionum

105 2019 108 2026 ’
139 2030 260 2105 mater,
286 2043 387 2091 omne
410 2021 483 2090 fere
508 2023 694 2113 ingenium,
721 2020 944 2088 eruditionem
956 2032 992 2089 et
1014 2020 1143 2094 littera·
1210 2057 1213 2061 ·

140 2146 219 2195 rum
243 2124 350 2199 studia
376 2135 645 2215 suppresserant.
698 2125 800 2207 Auxit
826 2125 919 2214 apud
937 2123 1142 2197 Christianos

120 2228 324 2319 litterarum
346 2227 583 2303 detrimentum
608 2236 709 2313 atque
735 2225 903 2291 interitum
924 2226 1141 2317 lslamismus‚

139 2354 265 2425 novam
289 2331 441 2422 linguam
461 2353 540 2399 cum
560 2353 648 2405 nova
673 2329 836 2418 religione
858 2328 1082 2418 introducere,
1109 2345 1144 2402 et

139 2436 218 2507 loeo
240 2437 427 2526 scripturae
453 2458 569 2507 sacrae
600 2454 724 2502 novum
751 2433 961 2517 revelationis
988 2434 1142 2505 codicem
1273 2494 1275 2500 ,

138 2546 348 2632 proponens.
398 2538 599 2630 Apologetis
627 2535 764 2624 quidem
791 2559 914 2621 novam¹
944 2537 1143 2630 largamque

138 2631 297 2735 praebuit
330 2645 533 2726 materiam,
572 2641 721 2733 ipsisque
747 2640 987 2731 amplissimum
1012 2647 1143 2732 aperuit

138 2766 320 2836 campum
355 2746 418 2813 sed
443 2747 593 2814 inlibris
620 2744 841 2834 apologeticis
865 2754 983 2811 contra
1009 2745 1142 2831 lslami-

130 2864 251 2923 amum
276 2850 409 2941 scriptis
430 2852 516 2919 mira
540 2848 665 2941 ingenii
690 2847 805 2938 inopia
826 2857 862 2913 et
885 2857 1053 2938 perpetua
1078 2850 1142 2918 de-

139 2953 363 3044 prehenditur
381 2952 570 3046 jejunitas,
597 2959 648 3029 ‚ut
678 2951 734 3018 vix
765 2950 800 3016 in
829 2971 967 3027 censum
998 2953 1142 3043 veniant.

137 3056 275 3129 Uncus.
295 3057 369 3129 fere
403 3067 520 3126 auctor
548 3058 635 3124 inter
662 3075 806 3137 coaevos
841 3075 920 3136 suos
945 3054 1143 3138 eminentior

141 3169 191 3228 est
217 3159 402 3228 Johunnes
438 3159 700 3241 Damascenum
732 3157 790 3245 qui
816 3155 919 3240 libros
944 3156 1141 3246 rhetoricos,

140 3264 400 3356 apologeticm‚
446 3263 633 3352 polemicos
671 3269 704 3328 et
739 3261 899 3326 asceticos
940 3261 1073 3351 scripsit
1108 3272 1143 3329 et

141 3367 236 3458 cujus
250 3366 438 3458 Expositio
439 3364 539 3461 fidei
561 3364 784 3439 orthodoxae
808 3365 842 3429 in
864 3362 1002 3431 historia
1021 3364 1142 3435 Theo·
1197 3429 1201 3443 ,

130 3471 254 3567 logias
281 3469 495 3563 dogmaticae
514 3468 704 3562 principem
724 3467 852 3533 obtinet
873 3466 985 3533 locum
1002 3476 1036 3533 et
1050 3468 1142 3558 apud

142 3573 293 3642 Graecos
327 3575 501 3642 classicam
533 3573 675 3662 fereque
702 3570 899 3638 canonicam
937 3579 1143 3660 consequuta

142 3686 192 3746 est
217 3676 460 3748 auctoritatem.

162 3868 316 3975 ,Ioannis
336 3917 529 3985 Damasceni
549 3915 628 3995 Opp.
643 3911 723 3977 Edin
735 3908 776 3971 Μ.
789 3909 830 3969 Le
844 3875 955 3987 Quiens
975 3876 1142 3978 Parim

227 4001 421 4071 Ventri&
443 4003 516 4069 Τ.Ι.
534 4001 572 4063 ΙΙ.
587 4001 611 4061 f.
639 4066 644 4076 ι
888 4126 891 4131 Ι
924 4095 980 4166 ὃ*
