2572 4732
175 441 232 513 14
274 462 279 471 ·
327 445 418 523 Burs·
426 443 463 515 1.·
477 441 843 542 :Historia-eudesius
866 447 1055 540 antiquae„
1102 462 1133 521 ϊ

390 652 393 659 ι
602 650 630 657 ι.
780 654 784 662 ,
947 651 950 655 .

312 672 338 687 ἰ
389 672 437 690 nrt*
651 676 666 689 ,ι
751 686 753 691 ,
878 679 880 682 ·
944 678 951 691 s

435 701 439 708 ι
499 704 503 709 .
673 704 676 708 1
931 704 935 711 .

268 768 318 794 ¹„
611 695 653 798 §-
683 701 741 770 ιι.
784 756 788 762 .
824 756 828 763 .

505 796 509 803 ¹
739 801 778 813 ,ι

562 833 566 841 ι

218 900 221 905 “
257 866 408 959 Historia
441 875 684 966 persecutionis
711 870 780 943 sub·
807 859 1008 948 Domitiani
1047 875 1192 967 imperio

175 973 908 1071 a.04-'95pun100bscunorest,oum
934 1002 999 1049 neo
1025 979 1071 1048 de
1095 980 1188 1049 initio

177 1088 246 1148 nee
269 1079 334 1148 do·
329 1068 409 1149 {ine
434 1083 522 1150 satis
547 1096 627 1150 cons
627 1067 687 1158 tet}
742 1083 782 1150 ln
808 1104 849 1151 eo
877 1095 990 1152 autern
1020 1083 1188 1180 antiquio-

179 1206 234 1252 res
250 1187 432 1283 scriptores
459 1188 677 1274 conveniunt,
703 1187 879 1255 consilium
905 1189 1125 1281 Imperatoris
1142 1188 1188 1258 de

177 1288 416 1380 opprimendis
452 1288 656 1358 Christianis
698 1314 740 1359 ex
780 1290 920 1386 timore,
960 1316 1004 1360 ne
1032 1291 1187 1387 familia

179 1389 341 1462 Moesiae
388 1406 503 1460 rerunt
538 1395 706 1485 potiretur
736 1404 771 1463 et
804 1416 954 1486 regnum
993 1397 1189 1465 Romanum

179 1505 364 1583 everteret,
391 1520 465 1564 esse
492 1507 612 1565 ortum.
666 1498 732 1566 lste
758 1500 858 1567 timor
883 1499 963 1566 inde
989 1511 1106 1569 auctus
1133 1500 1187 1567 vi-

181 1601 297 1687 detur,
340 1600 434 1689 quod
461 1602 547 1668 inter
571 1602 664 1692 ipsos
702 1602 883 1670 Domitiani
909 1615 1072 1696 cognatos
1098 1627 1187 1672 non-

178 1703 262 1789 nulii
295 1702 651 1796 deprehenderentur,
700 1706 758 1796 qui
795 1705 949 1799 religioni
985 1706 1187 1776 christianae

180 1817 303 1879 nomen
321 1807 494 1887 dederant
534 1807 613 1879 Hoc
638 1818 797 1908 tempore
818 1809 1007 1898 Joanneru,
1033 1812 1187 1905 Aposto-

57 1927 60 1935 ’
178 1914 266 1993 lum
292 1912 326 1979 in
353 1902 488 1999 erilium
510 1935 584 1982 esse
608 1914 671 1996 mis
671 1936 766 2003 sum,
782 1925 963 2007 ιιοιιιοιιιιι
984 1916 1185 2033 antiquitatis

118 2107 120 2113 ¹
179 2016 313 2088 traditio
341 2025 400 2084 est.

222 2202 329 2264 Euseb.
354 2199 424 2262 h..e
445 2201 497 2263 lib.
520 2200 570 2260 ΠΙ.
593 2205 774 2266 c.17-20.
798 2223 836 2262 ex
854 2204 1035 2284 Hegesippo‚
1063 2204 1186 2263 Irenaeo

265 2288 395 2370 (haeres.
416 2288 450 2364 V,
467 2284 513 2366 5.)
538 2296 569 2345 et
594 2288 781 2363 'lentulliuno
804 2288 943 2374 (Apolog.
965 2311 992 2351 c.
1014 2288 1070 2372 5.)
1100 2291 1185 2372 Sulp.

263 2379 331 2436 Seu.
354 2373 425 2432 hist.
449 2393 525 2434 sacr.
546 2368 699 2434 lib.11.·c
699 2372 767 2438 41.

551 2632 794 2769 §in

256 2812 503 2906 Imperantibus
544 2806 704 2933 Trojano
731 2821 766 2882 et
788 2767 982 2880 Hadriano
991 2812 1054 2902 (a.
1078 2811 1185 2882 98-
1266 2861 1270 2870 -

178 2916 291 3009 138),
325 2920 384 3008 qui
412 2940 481 2985 non
517 2939 585 2983 uno
614 2917 749 2983 nornine
779 2915 941 2983 laudandi
970 2925 1059 3004 sunt,
1093 2918 1185 2986 nulla

178 3023 317 3114 quidem
341 3023 475 3114 iegibus
507 3019 733 3088 'ordinabatur
762 3019 1031 3088 Christianorum
1051 3024 1184 3113 perse-

178 3127 285 3210 cutio}
307 3126 530 3223 nibibtuinus
547 3133 677 3191 tamen·
690 3145 816 3191 eorum-
833 3133 935 3193 status
950 3124 1095 3194 'dubius'
1111 3134 1183 3194 erat

177 3241 213 3302 et
239 3230 490 3327 periculwt
513 3229 603 3296 Nam
625 3228 713 3320 iege
736 3226 911 3296 delationis
938 3229 1076 3316 cuilibet
1099 3230 1183 3298 lice-

176 3338 253 3420 bat,
280 3330 667 3426 sin'gulodscbristianos
692 3332 863 3424 religionis
889 3335 1181 3402 causa'acousare.

176 3440 267 3508 Hine
289 3440 324 3505 in
345 3435 602 3527 Martyrologiis
619 3434 719 3527 hujus
741 3437 904 3526 temporis
919 3437 1057 3503 nomina
1077 3437 1182 3505 multu

178 3542 448 3612 Christianorum
483 3539 650 3631 supplicio
684 3540 740 3607 vei
766 3541 864 3609 exilio
883 3527 1102 3607 addictorum
1128 3540 1182 3608 le-

175 3648 296 3740 gimus.
324 3642 596 3714 Antoninorum
622 3662 760 3733 quoque
785 3643 975 3735 imperium,
992 3644 1102 3712 multis
1117 3667 1182 3712 no-
1220 3645 1223 3656 '

176 3750 320 3818 minibus
340 3744 583 3843 praeclarum,
604 3745 870 3815 Christianorum
893 3770 1014 3815 causae
1044 3748 1182 3817 minime

176 3862 248 3923 erat
267 3853 423 3921 faustum.
476 3850 519 3920 Id
545 3848 639 3941 quod
659 3850 847 3942 'gloriosum
866 3846 1081 3944 Polycarpi‚
1110 3849 1182 3920 Ju-

59 4015 61 4020 .
174 3958 257 4028 otini
282 3956 461 4046 Martyris
489 3941 735 4051 aliorumque
717 3950 906 4051 insignium
933 3957 1083 4026 virorum
1107 3956 1180 4025 ola-

175 4061 305 4132 rissime
331 4069 472 4137 testatur
497 4059 709 4153 martyrium.
809 4130 812 4137 ,
