2572 4732
11 502 17 517 ,
131 422 209 498 loo
265 420 350 492 Pars
360 420 420 490 lll.
445 367 608 491 llistoria
622 418 743 489 eccles.
755 422 886 491 recent.
899 416 990 488 oevi.
1068 396 1109 445 '⁴

135 614 217 682 (lunt
241 608 286 677 ab
312 607 403 675 omni
427 615 524 698 parte
549 613 733 699 peractum.
783 605 824 673 ld
849 596 966 674 tamen
983 626 1007 672 a
1025 605 1133 696 pluri*
1155 595 1156 599 ¹

20 733 23 739 '
134 718 215 801 bus,
241 713 340 781 etiam
360 712 404 777 ab
429 709 499 793 his,
530 711 586 799 qui
613 704 768 776 unionem
794 732 862 798 non
884 710 994 781 solum
1026 718 1134 776 enter.

135 840 230 898 nam,
260 809 324 884 sed
347 813 459 914 potius
484 813 647 879 internam
674 811 865 886 desiderant
889 823 924 883 ot
948 813 1136 907 postulant,

136 919 346 1014 intelligitur:
374 916 428 988 vis
451 914 555 1027 uultu
566 912 725 1013 sortior!

180 1121 312 1190 flabant
332 1116 369 1178 de
388 1120 480 1186 Jeune
504 1117 609 1182 details
628 1116 700 1190 hist,
722 1127 754 1178 et
778 1117 890 1179 recueil
911 1117 949 1178 tle
967 1116 1067 1198 piepea
1088 1137 1140 1177 rur

223 1209 266 1270 les
288 1207 389 1266 divers
411 1204 522 1285 projets
545 1204 583 1262 de
603 1205 731 1263 reunion
756 1203 793 1262 de
815 1211 918 1266 tontes
935 1203 979 1264 leo
1000 1214 1140 1264 eommu-

224 1293 311 1353 nions
333 1289 526 1360 chretiennes,
547 1291 616 1354 Par.
640 1293 731 1354 1806.
758 1292 787 1352 8.

169 1378 221 1445 ·C.
244 1379 279 1438 F.
300 1379 423 1436 Praise:
460 1375 508 1433 die
537 1374 751 1453 Vereinigung,
781 1375 856 1434 oder
882 1373 937 1433 (las
963 1373 1048 1432 beate
1077 1372 1142 1433 An-

227 1461 509 1540 niherungs-Mittel
529 1463 579 1520 fur
600 1461 656 1519 alle
675 1458 739 1519 chr.
757 1460 974 1519 contessionem
998 1463 1094 1524 1811.
1114 1462 1143 1526 8.

117 1568 119 1572 ’
184 1550 224 1617 Ε.
248 1551 287 1616 G.
308 1547 461 1611 Baccheus
480 1547 617 1610 lreueon.
636 1545 671 1611 Β.
692 1545 714 1611 l.
736 1545 773 1609 lt
795 1544 973 1618 1821-26.
996 1549 1030 1613 8⁴

567 1831 603 1934 ς.
631 1837 717 1912 rra.
781 1952 784 1957 ν

40 2085 43 2091 -
158 2068 161 2072 ·
249 2042 339 2112 Inter
371 2042 442 2111 lata
466 2049 582 2112 ,autent
615 2041 774 2130 adversa,
799 2039 920 2132 qulbus
944 2030 1060 2113 dotus
1088 2063 1147 2110 eo

148 2138 278 2218 alesine
314 2147 471 2216 internus
508 2149 659 2217 turbatus
688 2156 739 2216 est
768 2145 949 2236 adhucque
982 2147 1148 2227 turbatur,

147 2253 233 2321 haee
261 2273 346 2343 prae
381 2251 498 2320 ceteris
531 2250 565 2320 ln
597 2250 912 2320 censum-‹veniunlr
963 2248 989 2319 l.
1018 2249 1148 2317 Exitio-

128 2356 224 2423 'bilis
246 2352 506 2446 Theologorum
528 2356 721 2448 φιλονεικία
747 2362 781 2422 et
800 2354 927 2439 rabies,
954 2373 1056 2443 quam
1072 2351 1149 2442 Jam

150 2457 397 2527 Melanehthon
426 2458 643 2526 moribundus
670 2456 923 2549 deploraverat,
961 2456 1060 2529 variis
1089 2479 1150 2525 oo*

48 2623 51 2631 ,
154 2558 357 2651 rosionibus,
383 2561 534 2651 inprimis
553 2570 664 2629 autem
685 2563 719 2628 in
747 2552 974 2633 controversia
994 2559 1152 2650 Squere*

153 2657 271 2734 listina
304 2672 339 2730 et
371 2662 558 2732 Pietistr‘ou
592 2678 790 2760 erumpens,
826 2672 860 2732 et
892 2674 982 2731 nune
1014 2685 1153 2753 quoque

155 2773 223 2835 non
263 2787 402 2859 prorsus
440 2776 631 2858 suppressa,
694 2768 738 2837 ll.
784 2765 923 2834 Morum
968 2769 1154 2858 eorruptio,

158 2891 245 2959 quae
284 2869 412 2937 bellum
449 2871 584 2962 triginta
618 2884 779 2945 annorum
812 2871 1003 2960 insequuta,
1043 2882 1080 2938 et
1109 2869 1156 2960 ,ex

160 2972 272 3040 Gallia
296 2986 498 3064 promanans
526 2973 742 3042 Germaniam
768 2990 921 3062 quoque,
955 2973 1055 3046 armis
1083 2973 1157 3067 pri-

132 3074 445 3148 .mum‘Ludovioi
465 3076 574 3163 xlv,
608 3071 730 3145 deinde
755 3077 1068 3169 Republioanorurn
1094 3077 1157 3146 mi·

162 3202 235 3247 sere
252 3178 450 3260 laceratam,
469 3180 563 3246 vario
582 3181 686 3252 modo
705 3181 946 3248 contaminavit.
999 3181 1059 3248 lll.
1088 3182 1157 3256 Le·

58 3305 59 3310 ¹
162 3282 343 3375 gislationis
363 3291 397 3349 et
418 3282 611 3374 discipliuae
637 3285 881 3353 ecclesiasticae
906 3284 1081 3352 imminuta
1097 3278 1158 3354 'vel

164 3386 329 3476 abrogata
351 3385 548 3473 auctoritas,
572 3386 685 3480 legum
708 3396 809 3478 atque
830 3387 1071 3456 institutionum
1086 3392 1158 3484 .'po

164 3489 329 3557 lrticarum
353 3488 578 3579 prohibitione
595 3491 899 3582 etderogatlone',
924 3503 988 3558 neo
1012 3506 1083 3558 non
1102 3490 1161 3584 ju⁴

165 3591 210 3660 lis
224 3646 226 3650 ,
239 3592 442 3660 territorialis
475 3592 591 3665 abusu.
616 3592 621 3606 '
650 3593 711 3665 lv.
744 3595 923 3663 Librorum
956 3594 1162 3686 symbolico-

167 3716 243 3765 rum
268 3693 423 3762 vellana
448 3695 653 3784 obseruatio,
679 3695 734 3765 vel
755 3696 971 3790 negligentia.
1023 3697 1065 3766 V.
1092 3698 1162 3766 Ex-

169 3805 278 3865 trema
303 3805 337 3865 et
361 3808 549 3891 perpetuae
562 3792 789 3886 ἐναντιώσεις
816 3801 851 3868 in
879 3800 976 3892 ipsis
993 3800 1162 3895 religionis

165 3909 207 3966 et
232 3901 425 3994 theologiae
451 3904 639 3998 principiis,
673 3903 807 3999 'rationis
835 3906 869 3970 el
893 3904 1054 3972 libertatis
1089 3922 1163 3978 usus

173 4002 281 4074 varius
307 4027 347 4075 ae
371 4027 566 4100 perversus,
592 4018 661 4100 quo
683 4007 737 4080 vel
755 4007 932 4100 νεολογίας
949 4006 1165 4082 immodicum
