2572 4732
156 445 232 518 180
287 447 373 519 Para
383 445 444 517 111.
472 420 636 544 Historia
650 447 917 522 erclearecent.
931 448 1022 519 ueni.
1044 468 1047 475 ·

155 633 310 725 Collegiu
335 634 379 702 ab
403 634 485 725 ipsis
509 626 710 721 Debrecini,
744 635 860 727 Papae
892 645 926 705 et
952 636 1156 708 Theodatae

153 739 316 823 instituta,
362 761 482 831 parum
517 738 734 831 profuerunt,
774 762 838 807 neo
870 740 1055 808 litterarum
1090 763 1155 809 nec

137 840 367 932 Theologiae
392 841 540 910 studium
565 840 795 933 adjuvarunt.
825 842 866 909 ln
891 843 1156 934 Transylvania

73 942 77 948 ’
151 946 341 1014 Reformati
367 943 627 1017 Petrowitzium
653 953 688 1013 et
711 944 863 1014 Medium
887 949 1110 1039 praeclaros
1100 971 1154 1015 m-

151 1057 352 1119 utauratores
378 1048 585 1135 habuerunt,
616 1056 652 1116 et
682 1071 713 1117 a.
737 1045 839 1116 1564
865 1051 1079 1120 confessionis
1110 1050 1154 1118 li·

94 1233 97 1240 ,
151 1153 272 1225 berum
307 1153 500 1220 exercitium
532 1158 722 1240 statumque
763 1153 953 1222 ordinatum
991 1154 1153 1222 obtinue-

36 1318 39 1322 Α
150 1264 237 1324 runt.
289 1255 452 1346 Princeps
483 1253 635 1324 Gabriel
651 1253 858 1325 Bethleniuo
883 1257 1055 1346 (Bethlen
1076 1257 1153 1326 Ga-

148 1360 237 1450 bor)
272 1381 389 1427 eorum
420 1358 485 1429 fuit
516 1359 710 1442 Protector;
746 1368 866 1450 postea
903 1383 985 1429 vero
1017 1359 1152 1450 saepius

148 1462 291 1549 turbati,
322 1463 367 1530 ad
395 1484 555 1554 praeseus
580 1484 688 1553 nsque
713 1471 848 1555 tempus
881 1473 972 1534 sorte
998 1463 1153 1557 gaudent

148 1565 282 1636 minime
303 1565 423 1636 fausta.

191 1735 326 1797 Historia
359 1731 551 1814 diplomatica
578 1700 722 1794 de'siatu
747 1733 831 1814 relig.
853 1735 985 1816 evangel.
1005 1696 1039 1795 in
1060 1734 1151 1796 Hun-

189 1842 322 1967 Hisgdddia
343 1821 616 1966 {etoilboefkrmatae
637 1904 671 1964 in
693 1903 848 1989 Hungariu
869 1916 900 1967 et
920 1903 1150 1986 Tranuylvania.

99 2046 102 2051 .
233 1991 287 2055 Ed.
310 1992 346 2052 F.
366 1991 409 2053 A.
429 1993 557 2070 Lampe.
585 1995 678 2057 1728.
701 1994 731 2053 4

95 2094 98 2099 ’
152 2148 155 2153 ,
191 2081 319 2157 Gregor.
340 2097 399 2138 von
419 2079 599 2154 Berzeviczy
625 2073 737 2143 Nuchr.
758 2075 834 2136 iiber
855 2076 914 2136 den
935 2075 1063 2157 jeizigen
1086 2075 1150 2132 Zu-

232 2161 376 2227 stundd.
398 2160 568 2244 Evangel.
559 2183 591 2221 ιιι
612 2161 745 2241 Ungarn.
770 2167 864 2230 1822
888 2166 920 2227 8.

189 2250 225 2314 F.
254 2246 439 2308 Fiiedriclr’u
473 2255 631 2309 vertruute
655 2247 762 2307 Briese
786 2248 863 2307 iiber
892 2247 940 2307 die
968 2242 1149 2305 iimrerliohe

229 2336 305 2416 Lago
326 2333 380 2395 der
402 2353 506 2415 evang.
528 2331 670 2394 Kirche
661 2354 695 2392 ιιι
715 2333 845 2414 Ungarn.
868 2330 960 2400 1825.
982 2335 1012 2397 8·

563 2621 600 2725 5.
634 2625 720 2698 ιιι.

146 2826 149 2833 ·
243 2798 478 2892 Quadraginta
508 2807 588 2892 post
612 2800 754 2870 Lutheri
784 2816 954 2867 sacrorum
981 2797 1143 2866 emenda-

58 2923 59 2928 *
140 2903 267 2970 tionem
308 2903 400 2971 annis
441 2905 475 2971 in
516 2904 671 2971 universa
711 2902 909 2973 Germania
946 2901 1142 2970 reformatio

140 3007 332 3125 Helvetico,
360 3007 387 3074 si
412 3007 622 3098 singulorum
645 3005 823 3075 doctorum
848 3005 1022 3097 opiniones
1049 3006 1142 3072 exci-

139 3110 232 3201 pias,
259 3111 400 3178 asseclas
424 3122 607 3199 coetusque
631 3108 750 3178 habuit
776 3110 893 3176 nullos.
947 3108 1019 3176 Sed
1046 3131 1142 3176 mor-

139 3223 197 3281 tuo
223 3213 375 3281 Luthero
398 3215 552 3303 interque
577 3213 664 3281 rixas
697 3223 731 3281 et
757 3214 871 3280 turbas
897 3212 941 3278 ab
966 3212 1047 3293 iilis,
1084 3210 1141 3301 qui

138 3308 274 3411 γνήσιοι
300 3304 386 3382 dicti
405 3327 496 3400 sunt,
524 3318 699 3404 excitatae,
725 3340 792 3385 non
818 3314 927 3384 solum
947 3314 1142 3405 Philippos

137 3418 393 3488 Metanobth'un
419 3419 463 3486 ad
485 3418 613 3488 Caluini
635 3420 770 3511 dogma
791 3419 834 3486 de
861 3442 886 3490 s
914 3441 1021 3486 coena
1043 3418 1140 3485 incli-

135 3523 243 3609 navit,
278 3521 339 3589 sed
371 3523 472 3590 etiarn
497 3524 583 3590 inter
609 3522 797 3614 discipulos·
816 3522 952 3607 fideles,
988 3521 1047 3610 qui
1073 3543 1140 3588 no-

36 3697 39 3704 ,
135 3625 224 3693 mine
258 3623 428 3694 invidiosov
451 3626 691 3717 Philippicae
724 3634 812 3695 sunt·
836 3624 969 3712 vocati,
991 3625 1139 3692 'multos

133 3728 269 3815 habuit,
306 3728 364 3825 qui
397 3751 474 3796 cum
506 3729 711 3796 Reformatis
744 3727 962 3798 concordare
987 3727 1139 3812 mallent,

134 3853 237 3920 qnam
264 3854 342 3899 curn
366 3832 577 3919 Amedoriio,
609 3832 746 3919 Flacio,
780 3830 969 3899 Hesshusio
997 3831 1139 3919 aliisque

133 3935 322 4026 Theologis
335 3937 475 4003 modum
490 3937 719 4028 evagantibus,
733 3954 877 4025 quorum
892 3935 994 4026 culpa
1007 3933 1138 4008 factum

83 4073 86 4076 ⁴
133 4047 203 4125 est,
237 4047 277 4110 ut
301 4038 465 4128 schisma,
488 4039 585 4131 qnod·
607 4039 760 4116 Bucerus
785 4037 930 4135 ejusque
955 4037 1037 4107 socii
1062 4038 1137 4106 evi·
