2572 4732
39 399 45 412 ι’
139 432 191 503 ii
281 429 408 502 ParsL
443 427 607 502 Historia
626 430 800 501 ecciesiae
819 432 998 525 antiquae.
1053 474 1060 484 ·

501 728 504 735 ’
567 717 655 790 Car.
681 720 710 792 1.
971 664 1014 777 ’θ’
1055 750 1058 755 ·

139 893 238 966 Fata
271 893 442 963 ecciesiae
479 900 637 962 externa.
689 890 922 987 Propagotio
955 880 1143 992 religionis

355 1012 576 1086 christianae
598 1024 633 1086 ct
657 1005 923 1110 impedimento.

563 1283 612 1385 t·
638 1283 700 1360 ss:

148 1446 154 1457 ⁸
214 1461 254 1530 ln
285 1461 400 1529 limine
434 1460 535 1555 hujus
568 1448 643 1530 aevi
670 1461 847 1530 Duumviri
881 1462 1139 1554 conspiciuntur,

138 1567 215 1656 qui,
242 1567 311 1658 etsi
329 1564 456 1657 patria,
491 1565 656 1658 religione
690 1575 724 1635 ct
751 1565 892 1634 consiliis
920 1589 1057 1657 prorsus
1085 1567 1139 1637 di-‘

54 1668 90 1744 “,
138 1670 226 1737 versi
252 1669 381 1759 sibique
407 1670 573 1762 oppositi,
600 1671 743 1765 multum
768 1680 880 1739 tamen
906 1670 991 1737 inter
1010 1694 1054 1746 ¹se
1073 1670 1139 1739 ha-

135 1766 429 1844 bent‘commune.
482 1772 617 1840 Eodem
638 1783 814 1865 tempore,
841 1796 909 1863 quo
936 1773 1142 1866 Gregorius

7 1897 8 1903 ’
106 1877 302 1979 ἱΜαξηαε
333 1877 450 1945 sedem
483 1899 577 1943 suam
609 1879 799 1946 Romanam
836 1886 871 1944 et
902 1878 1138 1946 Pontificatum

137 1980 400 2074 splendidiorem
425 1979 572 2056 reddere
598 1991 633 2049 et
656 1981 891 2049 Hierarchiam
916 1982 1139 2049 universalem

75 2079 107 2154 ι’
136 2108 260 2178 parare
287 2086 418 2176 coepit,
453 2083 605 2153 videmus
631 2083 948 2173 Mohommedem‚
982 2086 1137 2178 Prophe·
1171 2153 1175 2160 s

135 2198 206 2257 tam
226 2189 481 2274 Ismaeliticum,
508 2186 550 2256 ex
563 2198 751 2258 mercatore
778 2189 847 2258 dux
861 2189 943 2257 belli
969 2197 1004 2256 et
1028 2212 1136 2258 novae

76 2374 80 2378 ᾗ
136 2293 307 2386 religionis
334 2299 437 2382 caput
462 2292 606 2378 factum,
646 2317 770 2362 novum
798 2292 945 2361 condere
981 2315 1137 2384 regnum,

136 2420 206 2488 quo
233 2397 412 2465 saecularis
440 2405 475 2464 et
494 2398 716 2464 ecclesiastica
736 2422 761 2464 s.
780 2396 960 2488 spiritualis
986 2405 1136 2488 potestas

137 2502 331 2594 conjuncta,
358 2522 495 2590 quoque
520 2501 623 2603 totius·
649 2498 797 2569 Orientis
823 2501 935 2568 forma
960 2522 1001 2565 ac
1031 2500 1136 2569 facies

137 2628 316 2690 conversa,
353 2602 547 2685 Occidentis
581 2603 681 2671 etiam
708 2613 824 2682 status!
851 2604 1042 2670 immutatus
1056 2680 1059 2685 ‚
1075 2612 1136 2672 est

68 2790 73 2807 .
134 2708 176 2777 In
196 2710 264 2776 vita
290 2694 407 2775 eorum
431 2707 531 2799 plura
556 2716 752 2793 occurrunt,
778 2704 866 2797 quae
893 2694 1147 2797 comparationi

134 2813 221 2881 inter
245 2819 425 2900 unumque
452 2810 680 2879 instituendae
713 2810 806 2879 haud
833 2809 1049 2880 incommode
1081 2812 1136 2879 in-
1189 2795 1193 2811 ⁸

135 2916 289 2986 serviunt.
317 2922 321 2929 '
460 2928 464 2934 '

159 3051 376 3183 ¹⁴'listralleilis'mo
398 3101 548 3182 personali
573 3100 755 3170 inserviunt:
783 3107 864 3157 aetas
892 3097 932 3178 (a.
955 3095 1135 3167 540-604,

219 3209 245 3248 ³·
267 3188 329 3255 569
356 3187 406 3266 [at.
428 3189 500 3266 671]
517 3218 560 3231 -
576 3185 667 3268 632),
689 3186 768 3246 vitae
789 3205 895 3264 genus,
927 3185 1045 3262 itinera,
1067 3194 1136 3247 stu-

34 3324 37 3329 .
160 3340 164 3349 ,
219 3275 288 3352 dia,
310 3273 470 3349 miracula,
488 3271 655 3353 morticinia,
679 3272 822 3353 dignitas,
844 3281 875 3332 et
896 3271 1028 3332 effectus.
1116 3277 1119 3284 '

574 3490 699 3658 'sa

210 3735 572 3829 Isiomismos,·cujus
598 3745 715 3805 auctor
734 3734 978 3821 Muhammed‚
1012 3736 1094 3804 inde
1114 3759 1136 3804 a

131 3840 243 3934 prima
269 3865 328 3910 sua
354 3839 503 3933 epocha,
531 3864 619 3931 quae
642 3842 686 3908 ab
707 3863 802 3908 anno
813 3837 889 3908 622
916 3840 1049 3931 incipit,
1075 3861 1134 3908 re-
1181 3847 1186 3860 ¹

133 3946 251 4038 ligioni
278 3955 312 4013 et
342 3944 503 4013 ecclesiae
538 3944 736 4012 christianae
769 3944 874 4012 hostis
906 3968 979 4013 esse
1009 3943 1134 4034 coepit,

123 4072 203 4140 *quo
238 4050 440 4120 atrociorem
480 4056 515 4148 et
538 4048 813 4141 perniciosiorem
844 4047 971 4143 habuit·
993 4047 1134 4117 nnllam.
