2572 4732
132 461 184 531 2⁰
272 455 399 528 Paral.
434 453 600 559 Ηίείωξία
621 455 794 526 ecelesiae
815 455 1001 549 antiquae.
1072 466 1093 521 ·.

70 670 74 673 ·
176 644 243 707 loa.
263 639 393 703 Andrae
414 641 643 720 Entwickelung
665 641 720 701 der
740 642 852 703 natiirl.
874 639 1040 717 Ursachen.
1059 641 1137 701 wel-

218 729 278 790 che·
307 729 354 788 die
382 727 514 788 schnelle.
533 728 641 788 Ausbr.
662 727 714 786 des
748 727 819 788 Chr.
839 728 873 787 in
895 728 954 786 den
975 736 1075 788 ersten
1095 726 1149 805 lv,

219 813 322 876 Jahrh.
344 814 546 877 besarderten.
575 818 666 878 1791.
688 815 719 876 8.
838 845 840 850 ⁸

181 919 220 983 G.
241 918 283 979 A.
309 915 461 978 Osiander
494 919 570 976 iiber
598 915 646 973 die
672 913 873 992 Ausbreitung
901 914 931 973 d.
963 914 1065 980 chr.·.
1079 894 1148 977 'ein'

221 1003 294 1066 krit.
316 1002 436 1083 Beitrag
456 1024 511 1062 zur
532 998 760 1078 Kirchengesch.
783 999 836 1059 der
853 1000 894 1058 111
916 1011 1016 1061 ersten
1034 963 1152 1063 fatali?

70 1094 74 1103 '
180 1088 224 1150 Da
245 1109 302 1149 usu
324 1089 493 1170 scripturae
513 1106 613 1148 sacrae
629 1087 732 1144 Euseb.
752 1095 828 1146 orat.
842 1087 879 1145 de
900 1087 1039 1150 laudibus
1056 1089 1141 1150 Con·
1213 1104 1215 1108 ’

223 1183 316 1234 stant.
337 1173 379 1236 M.
403 1179 565 1240 c.16.17.
587 1171 741 1250 Chxysost.
754 1171 864 1237 Hamil.
880 1172 903 1234 1.
924 1173 957 1232 in
978 1171 1043 1234 Joh.
1059 1175 1140 1255 Opp.

222 1262 257 1320 Τ.
279 1260 316 1320 11.
347 1265 444 1340 p.13.
471 1259 595 1332 Hieron.
621 1258 718 1321 Praef.
746 1257 779 1318 in
800 1257 840 1320 lv
869 1259 981 1338 Evang.
994 1246 1088 1356 ’·Τ.Ϊ.
1102 1277 1140 1366 [ρ.

125 1408 131 1416 .
224 1345 316 1413 1425.
338 1362 419 1426 seqq.

553 1557 711 1574 -u—-n

564 1756 651 1841 Cae.
678 1755 721 1827 ll.

401 1894 469 1986 De¹
502 1901 600 1966 statu
630 1892 878 2000 ecelesiastica.

581 2110 617 2212 §-
640 2115 704 2188 2⁰.

219 2267 272 2339 De
298 2265 427 2356 forma,
460 2272 694 2339 constitutione
725 2281 759 2339 et
791 2271 955 2363 regimine
982 2271 1145 2340 ecclesiae

142 2395 255 2464 neque
283 2396 304 2440 a
335 2373 489 2459 Christo,
522 2397 635 2462 neque
662 2377 707 2441 ab
728 2377 900 2467 Apostolis
927 2377 960 2442 in
985 2376 1077 2442 libris
1099 2377 1144 2445 Ν.

143 2476 189 2546 T.
212 2476 339 2564 aliquid
363 2477 776 2569 praescriptumlegimus.
829 2478 952 2574 Postea
974 2479 1019 2544 ad
1051 2467 1147 2546 Tm*-

143 2579 295 2649 ditiones
318 2578 547 2672 Apostolicas
574 2592 798 2673 provocatum
831 2591 898 2671 est,
932 2605 1037 2670 quae,
1066 2583 1152 2651 iicet*

144 2681 244 2751 valde
276 2692 453 2774 suspectae
499 2693 533 2751 et
563 2686 744 2752 maximam
772 2695 905 2778 partem
939 2686 1151 2778 suppositae,
1195 2680 1200 2685 ⁸

144 2786 190 2855 ab
224 2784 440 2879 Evangeliais
480 2794 593 2856 tamen
633 2785 769 2856 minime
809 2798 885 2856 sunt
922 2790 1146 2880 spernendae.

145 2888 335 2958 Ecclesiam
366 2890 733 2981 Hierosolymitanam,
783 2892 827 2958 ab
860 2893 938 2982 ipsis
972 2895 1146 2985 Apostolis

147 2992 317 3065 conditam
354 3003 456 3083 atque
482 2994 762 3081 administratam,
803 2995 1006 3082 reliquarum
1033 2998 1148 3066 eccle-

146 3095 271 3176 siaram
302 3099 477 3189 exemplar
504 3107 538 3166 et
562 3090 797 3191 πρωτότυπον
829 3098 949 3184 fuisse,
986 3100 1148 3170 credere·

146 3221 240 3286 mus,
280 3199 308 3268 si
332 3199 390 3285 aa!
417 3201 545 3271 nullum
570 3203 603 3270 in
631 3204 674 3270 N.
703 3202 747 3272 T.
774 3213 902 3291 extaret
933 3202 976 3269 de
1009 3193 1077 3270 hae
1108 3228 1147 3274 re

147 3303 383 3373 testimonium.
434 3304 489 3372 Ex
513 3328 583 3394 quo
609 3316 723 3373 autem
750 3300 909 3376 nuinerus
938 3305 1176 3376 christiano«.

132 3429 222 3490 ¹rum
248 3429 291 3475 ex
317 3406 506 3477 Gentilibus
529 3433 682 3478 crescere
709 3411 838 3499 coepit,
873 3408 976 3476 facies
1004 3420 1037 3477 et
1064 3433 1150 3479 con·

149 3509 231 3595 ditio
255 3532 364 3578 novae
390 3512 554 3581 societatis
589 3515 682 3580 vario
705 3510 809 3580 moda
833 3503 1040 3579 immutanda
1066 3524 1148 3586 erat.

75 3607 78 3614 ’
148 3612 230 3682 Jam
255 3612 334 3682 inda
359 3637 380 3679 a
406 3636 493 3688 saec.
518 3616 563 3683 Π.
590 3617 672 3683 ritus
698 3615 858 3707 judaicos
895 3638 972 3681 cum
998 3619 1149 3686 moribus

149 3724 185 3784 et
203 3716 498 3788 consuetudinibus
524 3720 708 3790 Gentilium
732 3718 840 3810 magis
865 3719 1043 3811 magisque
1067 3743 1150 3792 coa-

149 3817 249 3888 luisse
274 3818 439 3890 videmus.
1107 3855 1112 3861 ·

193 3984 278 4047 Guil.
304 3986 387 4050 Cave
408 3988 611 4070 'Antiquitatea
632 3989 766 4070 Apostol.
780 3996 817 4052 'et
837 3993 941 4052 Jerem.
960 3991 1062 4070 T'qlor
1083 3991 1149 4053 Διι-

230 4070 385 4152 equitata
405 4075 676 4147 maiestates.
708 4131 711 4134 .
822 4134 825 4138 ,
