2572 4732
129 438 206 544 182
264 438 349 520 Pars
359 432 422 515 111,
446 429 611 506 Historia
625 392 747 508 eoctea.
760 389 890 505 recent.
904 392 998 512 nevi,

178 627 222 700 lle
246 621 357 686 litteris
382 617 510 700 graecis,
539 616 640 677 latinis
661 627 692 679 et
713 618 907 684 orientalibus
926 620 1139 683 immortaliter

220 715 420 776 meruerunta
469 705 670 783 Burmanni,
705 706 965 781 Draekenborelo,
1000 711 1140 784 Douros,

221 797 352 872 Drusio',
373 793 546 870 Erpeniue,
571 790 698 866 Golius,
723 791 860 867 Graevii,
884 793 1046 871 Gronovii,
1067 796 1141 867 Ha-

221 900 342 952 ueream
369 923 378 955 ,
418 876 480 936 ttb.
502 874 742 954 Hemeterhuys‚
774 880 913 957 Lennep,
943 880 1142 950 Mareklund

224 901 366 1039 Reland),
388 963 448 1021 Jos.
470 960 498 1027 J.
520 958 674 1042 Scaliger,
697 962 919 1038 Rhunloena'ua,
941 964 1142 1043 Schultener'a',

230 1050 471 1124 Valckenarius,
495 1047 753 1126 Wyttenbaehius
776 1049 885 1130 aliique
905 1050 1003 1111 multi.

182 1140 298 1207 Mirari
317 1134 419 1213 Elegia
431 1133 556 1212 Belgica,
579 1137 671 1197 1609.
695 1132 726 1196 4.

183 1257 228 1284 ε,-
268 1219 453 1284 Bibliotheca
487 1251 532 1266 -
569 1222 662 1284 1623.
684 1220 732 1289 ed.
751 1225 783 1285 2:
805 1217 899 1289 1643.

149 1332 155 1341 ·
184 1314 311 1390 Paquot
332 1305 488 1367 Memoires
509 1322 588 1386 pour
610 1306 707 1368 servir
728 1325 747 1375 a
766 1304 858 1369 l’hist.
874 1306 919 1367 tit.
935 1303 973 1370 de
985 1305 1147 1389 Paysebas.

158 1410 161 1416 ’
230 1389 633 1474 2765—70·T.1-ttt.t·

570 1679 607 1781 p.
634 1682 722 1768 1sa,

251 1860 528 1931 Remonstranles
555 1856 636 1925 inde
663 1859 706 1926 ab
733 1882 762 1927 a.
790 1853 1067 1943 tason-1636,
1094 1856 1152 1929 sed

145 1958 372 2036 ‚deterioribus
406 1960 667 2049 conditionibus,
702 1963 860 2049 restituti,
894 1963 1013 2036 nostris
1040 1962 1153 2041 adhue

152 2068 271 2136 diebus
298 2067 493 2143 societatem
518 2075 706 2156 separatam
732 2065 876 2155 habent,
902 2066 981 2134 licet
1001 2067 1037 2134 in
1065 2067 1154 2132 oultu

154 2180 188 2239 et
214 2171 376 2264 regimine
410 2169 634 2247 ecclesiastico
668 2193 688 2241 a
717 2169 922 2237 Reformatis
948 2192 1073 2262 parum
1104 2169 1154 2237 vel

153 2265 236 2345 nihil
269 2273 472 2364 discrepent.
526 2273 610 2341 Pars
639 2296 756 2341 eorum
780 2274 954 2371 principiis
981 2273 1154 2364 dogmati-

49 2463 54 2470 „
156 2379 202 2446 uis
236 2376 491 2446 Socinianorum
522 2383 556 2443 et
588 2376 909 2444 Latituolioariorum
942 2377 1060 2445 album
1087 2376 1155 2443 eal-

156 2482 269 2550 eulum
294 2480 433 2571 adjecit,
466 2478 571 2548 Omni
595 2489 708 2552 tamen
733 2488 887 2572 tempore
910 2481 1052 2548 eximiae
1080 2503 1155 2548 eru-

157 2586 288 2662 ditionis
313 2591 506 2652 m'eruerunt
530 2582 667 2651 laudem
688 2592 723 2662 et
744 2585 924 2675 scriptores
944 2583 1156 2683 theologicos

156 2688 348 2759 habuerunt
372 2688 407 2753 in
431 2693 543 2777 primo
565 2687 683 2754 ordine
708 2686 936 2762 collocandos.
987 2687 1157 2755 Luthera-

158 2792 209 2860 uis
234 2813 304 2858 non
332 2791 455 2880 exiguo
481 2811 621 2857 numero
648 2790 682 2858 in
708 2790 891 2863 Hellandie
916 2792 1104 2859 viventibus
1130 2799 1160 2858 et

159 2890 466 2971 Amstslodamiin
493 2891 575 2963 duas
600 2893 742 2966 familias
762 2893 878 2961 'divisis
904 2918 1016 2986 nuper
1041 2893 1159 2966 Semt-

161 2998 303 3074 narium
328 2996 588 3088 theologicum,
615 2997 661 3064 ad
685 3020 837 3075 normam
865 2998 1064 3082 Athenaei,
1096 3018 1159 3088 quo

161 3101 436 3188 Remonstrantes
469 3101 717 3180 Amstelodami
747 3101 915 3192 gaudent,
945 3102 1160 3176 instauratum

164 3213 216 3273 est
241 3227 320 3273 cum
340 3203 471 3274 Ordine
493 3203 753 3295 Theologorum
774 3203 1055 3296 Lugdunensium
1078 3225 1161 3295 quo-

164 3307 348 3378 dammode
375 3307 601 3402 conjunctum,
628 3288 720 3384 Unio
747 3298 971 3385 ecclesiastiea
988 3309 1079 3376 inter
1100 3310 1162 3378 Lu·

80 3426 81 3435 ¹
165 3411 323 3485 theranos
350 3419 386 3478 et
409 3411 626 3482 Reformatos
651 3411 802 3479 nondum
826 3412 924 3499 inita,
957 3421 995 3484 ut
1015 3412 1051 3480 iu
1078 3412 1164 3480 Ger-

166 3515 296 3602 mania,
322 3513 384 3590 sed
404 3525 540 3582 mutuae
557 3515 753 3590 tolerantiae
777 3524 811 3581 et
828 3515 1031 3585 concordiae
1045 3516 1165 3583 utrius·

166 3641 235 3708 que
262 3617 477 3692 confessionis
502 3620 656 3694 membra
679 3618 848 3695 laudabile
861 3620 1036 3713 praebent
1057 3639 1168 3686 exem-

167 3710 285 3814 plum,
327 3719 368 3789 ln
389 3727 481 3788 tanta
506 3731 619 3789 autem
645 3712 891 3793 confessionum
914 3720 1110 3794 diversitate
1127 3717 1168 3789 nil

49 3847 52 3861 ·
169 3815 438 3897 tonsam‘easitat
457 3825 710 3895 admirationem
732 3834 767 3895 et
787 3825 963 3912 laetitiam,
990 3849 1097 3916 quam
1117 3847 1170 3892 re·

170 3926 309 4017 ligiosus
340 3929 528 4007 animorum
561 3952 759 4016 consensus,
794 3951 896 4017 quam
922 3922 1116 4001 =constantia
1140 3931 1170 3995 et

172 4030 275 4110 virtu
296 4033 451 4130 manalis,
479 4056 553 4135 qua,
566 4035 685 4112 nostris
706 4033 826 4112 diebus
841 4031 980 4124 Batavi,
1004 4032 1052 4107 ad
1070 4051 1170 4112 unum
