2572 4732
219 460 294 561 4,
362 460 452 528 Pars
460 460 487 531 1.
526 457 692 547 Historia
714 460 888 545 ecclesiae
908 461 1088 553 antiquae.
1153 491 1155 500 2

223 673 298 738 sus,
325 648 472 717 muneris
495 649 546 716 sui
562 648 821 741 inauguratione
845 657 879 717 et
906 649 1150 742 discipulorum
1168 672 1234 716 vo-

98 739 102 747 (
128 809 137 825 .
226 757 374 839 catione,
401 775 525 820 novam
550 753 720 844 religionis
746 776 848 820 causa
874 756 1068 822 societatem
1082 754 1234 842 instituit,

226 858 413 952 primordia
439 879 498 923 sua
525 857 625 946 capit.
677 857 820 925 Duobus
844 869 957 925 autem
973 859 1060 926 haec
1088 860 1234 926 societas

227 962 405 1054 insignitur
419 961 629 1047 nominibus,
657 983 802 1048 quorum
829 963 973 1029 alterum
999 964 1144 1029 formam
1172 984 1250 1045 err-p

193 1072 194 1076 ’
227 1077 375 1152 ternam,
402 1065 544 1132 alterum
571 1087 652 1130 vero
680 1075 835 1132 naturam
862 1075 896 1133 et
923 1066 1150 1134 conditionem
1181 1066 1237 1133 in-

227 1171 367 1254 remon·
381 1169 521 1260 propius
534 1214 537 1248 2
548 1167 712 1258 designat.
734 1171 908 1250 ··'Nomen'
923 1168 1155 1259 quirle'rn'trru
1161 1171 1236 1269 irn-

227 1275 302 1344 olor
327 1276 523 1342 societatem
545 1272 695 1362 legitime
711 1275 936 1340 constitutam
964 1284 997 1341 et
1025 1275 1113 1342 bene
1139 1274 1236 1342 orrli-

225 1387 339 1445 natam
369 1376 505 1446 indicat.
572 1375 723 1442 Titulus
744 1368 859 1443 autem
902 1378 1107 1468 βασιλεία
1150 1380 1235 1447 τῶν.

224 1473 433 1578 οὐρανῶν
454 1477 615 1571 impedit,
639 1501 707 1568 quo
733 1480 842 1551 minus
858 1482 1035 1549 ecclesiam
1053 1484 1108 1550 vel
1130 1482 1242 1549 sebo--

225 1587 313 1672 lam,
333 1585 389 1651 vel
404 1583 685 1650 consociationem
703 1579 876 1673 politicam
898 1585 1097 1658 habeamus.
1134 1587 1236 1652 Hane

227 1713 299 1758 esse
325 1691 360 1756 in
388 1687 520 1777 scriptis
542 1689 584 1754 N.
601 1681 643 1754 Τζ
669 1686 858 1776 notionem,
887 1712 929 1756 ex
955 1689 1094 1757 consilio
1111 1699 1145 1757 et
1171 1711 1236 1756 oe·

227 1794 381 1861 conomia
406 1790 674 1880 Evangeliorum
699 1791 913 1883 intelligitur,
951 1817 1038 1884 quae
1058 1794 1234 1861 historiam

224 1898 304 1964 nori
341 1894 488 1963 foederis
528 1895 761 1986 principaliter
800 1895 880 1964 in'de
919 1919 939 1963 a
972 1920 1113 1966 munere
1146 1898 1234 1966 Jcsu

224 2000 351 2069 Christi
377 1998 547 2069 inchoant.
648 2044 650 2047 -
1172 2023 1174 2030 ·

270 2170 302 2229 0,
325 2171 362 2227 F.
386 2142 549 2226 Stamdltn
572 2169 736 2228 Comment.
759 2167 942 2228 deuotione
968 2168 1107 2228 ecclesiae
1129 2178 1159 2228 et
1181 2189 1233 2228 ec·

309 2255 376 2313 cles.
398 2253 470 2312 hist.
495 2255 587 2318 1795.
631 2257 660 2319 4.

269 2342 304 2400 C.
331 2341 401 2400 cnr.
425 2341 512 2400 Fran
535 2339 572 2397 de
594 2341 717 2398 notione
739 2339 822 2399 vocis
844 2340 980 2419 βασιλεία
1001 2343 1064 2407 loir
1089 2333 1234 2422 orio'rruoiv

311 2445 349 2484 ex
371 2425 441 2501 ipsis
467 2423 578 2482 Christi
603 2425 691 2482 dictis
713 2437 808 2505 eruta.
834 2423 925 2487 1794.
947 2423 978 2487 4.

264 2512 305 2572 A.
333 2513 363 2570 0.
390 2510 422 2571 C.
448 2511 560 2585 Hoelty
589 2511 726 2569 ecclesiae
752 2511 814 2571 chr.
838 2510 923 2568 notio
946 2529 985 2568 ex
1006 2507 1233 2573 catholicorum

222 2668 225 2673 y
309 2606 340 2656 et
376 2596 615 2657 Protestantium
651 2597 789 2658 doctrina
834 2596 989 2678 efformata
1024 2605 1053 2656 e't
1086 2597 1233 2677 judicata.

188 2727 195 2743 .
311 2683 403 2754 1824.
425 2687 459 2752 8.

678 2779 777 2974 §.a

223 3101 225 3105 ,
298 3031 438 3102 Rectius
459 3034 563 3126 igitur
590 3055 695 3101 annus
725 3032 825 3100 XXX
850 3032 1009 3102 historiae
1028 3033 1232 3103 ecclesiasti-

147 3163 150 3170 ·
222 3159 284 3204 cae
314 3161 441 3225 annus,
485 3162 588 3228 quem
622 3136 756 3215 dicunt,
798 3139 957 3205 normalis
986 3163 1065 3206 esse*
1087 3127 1230 3209 ¹videtur.

122 3252 147 3260 ”
182 3276 184 3279 ·
220 3243 380 3309 Attamen
403 3266 470 3309 non
497 3243 618 3310 acriter
641 3233 718 3307 cum
737 3239 775 3306 iis
799 3243 1039 3333 pugnandum,
1070 3244 1129 3330 qui
1149 3241 1232 3308 inrle

204 3346 264 3413 ,ab
283 3346 359 3437 ipsa
380 3370 458 3413 aera
486 3346 683 3424 christiana,
716 3344 786 3412 sive
806 3369 894 3413 anno
928 3347 1104 3413 nativitatis
1127 3345 1231 3414 Chri-

220 3451 278 3534 sti,
308 3451 377 3531 cui,
408 3449 509 3541 juxta
536 3447 806 3539 chronologiam
833 3474 853 3515 a
879 3449 1052 3539 Dionysio
1078 3449 1230 3540 Exiguo

111 3584 115 3591 ·
219 3552 465 3639 introductam,
501 3575 606 3621 annus
630 3548 789 3636 rotat).
806 3554 890 3619 urbe
917 3554 1051 3620 condita
1083 3570 1230 3645 respon-

219 3657 318 3742 deat,
362 3657 537 3725 historiam
578 3656 742 3733 ecclesiae
764 3656 942 3728 ,ordinare
980 3658 1097 3730 solent.
1159 3656 1232 3724 Ubi

217 3768 331 3826 tamen
354 3762 578 3851 monendum,
598 3761 682 3853 jam'
696 3746 933 3848 antiquissimis
955 3762 1169 3852 temporibus
1197 3768 1232 3829 et

157 3918 160 3928 r
217 3874 359 3947 annum,
394 3874 430 3932 et
456 3882 622 3951 mensem,
654 3873 688 3932 et
706 3863 817 3948 rliem,
851 3886 919 3952 quo
943 3875 1039 3932 natus
1063 3854 1231 3950 chrislus,

217 3962 501 4061 dubiumr-foisse
521 3979 564 4039 :et
585 3970 709 4036 festum
729 3961 906 4036 natiuitatis
927 3969 1013 4037 ,lesu
1031 3967 1166 4037 ³chrisrt
1183 3967 1232 4035 arl

211 4067 303 4140 rlic'm
329 4060 646 4143 XXV-Decembris
659 4063 932 4146 lamentatae
960 4093 1048 4144 sacca
1067 4072 1126 4141 lv.
1142 4094 1231 4142 :esse
