2572 4732
134 417 213 491 1..1.
227 411 573 511 accurremus.
587 411 731 487 resur
747 408 1035 490 arose-reso.
1065 409 1140 489 mu

134 607 239 677 lemni
258 614 292 673 et
305 600 530 696 jurejurando
553 601 782 692 plenissimam
801 602 971 692 religionis
991 623 1140 693 evange·
1163 632 1166 643 ·

134 711 222 780 licae
249 709 438 776 libertatem
468 705 694 796 promiserunt
720 714 754 773 et
779 706 823 771 ab
850 707 942 773 omni
966 705 1140 796 regiminis

135 812 352 882 ecclesiastici
378 810 535 878 exercitio
559 832 632 876 sese
653 800 858 876 abdicarunt.
895 810 1054 878 Attamen
1073 832 1141 877 non
1256 805 1258 808 ’

133 916 208 986 sine
230 916 328 984 variis
351 913 510 982 molestiis
523 914 568 979 'et
592 912 800 980 diffidentiae
818 913 920 1004 signis
937 912 1024 980 haec
1040 935 1140 981 causa

134 1021 257 1102 evasit,
286 1018 390 1108 idque
421 1015 631 1108 potissimum
660 1014 790 1099 effecit,
826 1025 862 1084 ut
890 1039 947 1099 ea,
985 1039 1079 1108 quae¹
1094 1015 1140 1083 ad
1266 1107 1270 1113 θ

133 1123 324 1193 doctrinam
356 1129 394 1189 et
417 1117 630 1210 disciplinam
665 1127 876 1210 spectarent,
922 1119 1069 1187 formam
1105 1121 1139 1187 in

131 1227 286 1297 Somnia
305 1224 485 1294 induerent
503 1223 608 1314 paulo
628 1223 826 1332 rigidiorem
847 1232 881 1291 et
898 1224 1113 1297 tenaciorem.

175 1429 261 1490 Acca
286 1429 394 1489 histor.
416 1426 518 1489 eccles.
539 1427 574 1487 B.
595 1426 619 1491 l.
640 1447 670 1508 p.
696 1430 766 1493 132,
778 1447 859 1506 seqq.
935 1497 936 1501 Ἰ

133 1515 136 1521 ’
177 1516 312 1596 Liinig’e
333 1508 586 1576 liciole-Archiv.
608 1513 641 1576 P.
662 1512 711 1574 lv.
733 1533 764 1591 P.
786 1517 849 1578 239
871 1532 953 1593 seqq.

563 1799 600 1903 5.
626 1805 714 1878 roa.

112 2022 149 2092 ’ἦ
238 2014 331 2091 Vlll.
384 2013 482 2084 ldern
518 2014 593 2083 fere
631 2015 721 2083 valet
753 2014 798 2084 de
834 2016 905 2085 aliis
937 2014 1143 2089 Germaniae

132 2118 339 2215 provinciis,
361 2140 502 2210 quarum
524 2118 693 2209 principes
718 2119 912 2206 ecclesiam,
935 2120 970 2187 in
987 2143 1056 2210 qua
1070 2121 1140 2189 nati
1207 2168 1209 2173 ι

133 2232 171 2292 et
195 2222 328 2292 educati
349 2227 464 2307 erant,
490 2220 685 2289 desererent
708 2230 741 2289 et
764 2220 810 2290 ad
835 2223 975 2292 alteram
999 2247 1036 2292 se
1056 2213 1141 2292 con·

134 2316 325 2396 verterent.
366 2325 534 2416 Exempla
580 2325 775 2393 illustriora·
802 2324 889 2394 haec
932 2325 1005 2416 fere
1047 2337 1140 2396 sunu

133 2429 186 2520 1)
220 2432 298 2499 Dux
329 2428 642 2521 Wiirternbergicus
682 2427 834 2499 Carolus
857 2429 1072 2501 Alexander
1108 2454 1140 2503 a.

136 2532 240 2601 1713
262 2555 444 2602 conversus
466 2541 501 2600 et
521 2556 552 2602 a.
577 2531 679 2600 1733
711 2555 885 2601 successor
903 2534 1007 2602 Ducis
1027 2533 1142 2602 Eber-

133 2635 234 2704 hardi
261 2635 429 2706 Ludorioi
450 2636 582 2704 ¹fuctus.
642 2634 690 2728 2)
724 2635 948 2724 Fridericus,
975 2633 1141 2732 Princeps

134 2739 488 2810 Hauc-Casselamrs
516 2762 546 2811 a.
574 2736 676 2807 1749
710 2738 798 2808 clam
831 2763 1012 2810 conversus
1043 2750 1078 2810 et
1110 2765 1141 2812 a.

135 2841 240 2911 176⁰
259 2866 434 2912 successor
459 2842 620 2912 Guilelmi
635 2843 735 2925 Vlll.
750 2844 922 2914 admissus.
957 2843 1006 2938 3)
1028 2837 1141 2915 Mau·
1184 2919 1186 2923 ,

133 2948 238 3016 silius
275 2946 490 3028 Guilelmus,
531 2947 610 3014 Dux
648 2942 813 3016 Saxoniae
845 2958 879 3016 et
910 2947 1140 3042 Episcopatus
1226 2994 1229 2997 -

135 3049 299 3123 Ciziensis
324 3048 587 3136 administrator,
622 3072 653 3117 a.
674 3049 777 3145 1717
800 3074 997 3140 conversus,
1026 3053 1088 3122 sed
1110 3076 1141 3124 a.

89 3150 91 3154 ’
135 3151 241 3222 1718
266 3153 312 3221 ad
337 3153 513 3221 ecclesiam
539 3154 770 3245 evangelicam
794 3178 956 3224 reversus.
992 3153 1044 3247 4.)
1064 3157 1140 3224 No-

133 3249 212 3326 stris
238 3256 356 3326 diebus
382 3254 624 3343 Christianus,
650 3256 729 3343 Dur
749 3256 1141 3343 Anhaltino-Coethen-
1176 3274 1179 3283 ’

132 3361 209 3446 siz,
226 3369 261 3430 et
282 3359 490 3429 Fridericus
507 3358 568 3428 IV
566 3413 593 3448 .,
620 3358 700 3429 Dux
720 3346 917 3450 Gothanus,
944 3360 989 3429 ad
1010 3361 1140 3430 Catho·
1257 3428 1261 3437 ,

131 3463 301 3534 licismum
332 3464 502 3550 conversi,
543 3462 605 3531 sed
629 3463 692 3550 ita,
730 3471 767 3532 ut
796 3472 899 3535 status
931 3448 1141 3535 subditorum

132 3567 407 3661 evangelicorum
427 3566 462 3636 in
483 3567 575 3635 nulla
593 3579 692 3659 parte
716 3568 911 3651 mutaretur.

156 3769 222 3830 'De
244 3771 440 3844 conversione
466 3769 656 3845 christinae,
684 3770 813 3850 Reginae
836 3771 974 3848 Suedas,
996 3769 1163 3834 aliarum?
1215 3805 1218 3809 ·

220 3875 279 3934 qne
298 3857 468 3925 illustrium
497 3874 710 3937 personarum,
738 3876 794 3916 neo
819 3876 881 3915 non
902 3848 1060 3919 homiuum
1081 3860 1140 3921 do-.

218 3951 358 4014 morum,
382 3962 412 4008 v.
441 3941 633 4002 Sodroeclcd’s
661 3941 891 4023 Kirelrengesch.
916 3945 973 4004 seit
1001 3944 1057 4008 der
1077 3947 1139 4006 lle-

207 4027 309 4089 .l'orm.
332 4027 392 4092 Th.
414 4026 594 4109 V11.p.6l
616 4046 698 4107 seqq.
742 4019 746 4033 ¹
