2572 4732
144 481 221 558 164
280 483 364 558 Parc
378 481 438 558 111
461 479 628 555 Historia
640 477 764 603 eccles
777 487 906 556 recent.
921 481 1013 556 aevi.
1060 451 1064 459 ⁴

143 673 242 769 regni
272 669 323 741 sui
356 669 497 741 subditis
522 669 729 740 liberrimum
755 662 927 764 religionis
953 667 1147 738 exercitium

144 776 308 872 promisit
359 776 457 852 Idem
482 774 576 868 leges
600 773 715 869 plures
738 774 812 842 tulit
833 774 878 842 de
899 772 1099 842 minuendis·
1112 781 1148 842 et

143 877 365 951 reformandis
391 877 627 964 Monasteriis,
654 876 699 945 de
723 878 1001 968 processionibus
1022 885 1059 944 et
1082 899 1147 968 pe-

144 979 423 1078 regrinationibus
450 980 568 1069 sectis,
598 978 644 1048 de
668 978 900 1073 indulgentiis
908 988 943 1048 et
969 978 1148 1072 dispensa-

144 1086 288 1156 tionibus
320 1076 593 1176 Episcopomm,
628 1074 673 1151 cle
703 1084 830 1176 placito
860 1082 1030 1177 regio,
1015 1091 1052 1168 et
1076 1082 1147 1150 aliis

144 1192 245 1259 rebus
271 1186 563 1272 ecclesiasticis,
553 1185 735 1277 inquibus
760 1186 884 1257 abusus
906 1160 1146 1279 deprehende-

144 1292 254 1362 batur.
305 1289 385 1382 lpse
408 1288 562 1379 quidem,
589 1288 766 1377 adversam
789 1297 946 1390 expertus
965 1288 1147 1376 fortunam,

144 1394 300 1464 laborum
319 1398 472 1461 suorum
469 1392 603 1463 fructus
623 1414 693 1460 non
711 1391 810 1480 visit,
822 1391 893 1463 scd
914 1414 1031 1481 semen
1050 1415 1147 1487 spar-

143 1500 186 1568 sit
210 1495 397 1591 posteritati
421 1483 640 1566 salutiferum.
735 1553 739 1563 ,

185 1661 387 1744 Vollstiindige
401 1663 582 1741 Sammiung
603 1661 677 1723 aller
696 1655 849 1722 Sclsrilien
862 1661 919 1722 auf
929 1639 1146 1742 Veranlassung

229 1749 283 1809 der
297 1749 461 1809 Toleruna-
477 1749 542 1809 und
559 1748 799 1810 Reformatious-
800 1747 923 1810 Edicto..
936 1748 1036 1810 wien
1054 1753 1145 1814 1782„

185 1831 372 1913 llurstelluog
394 1835 448 1895 der
469 1831 568 1894 durch
587 1832 697 1914 ioseph
716 1833 755 1899 ll.
782 1832 1001 1894 entsnndensn
1024 1833 1145 1896 Versae-

227 1935 303 1998 suug
325 1919 379 1979 der
400 1919 638 1980 Protestanicn
629 1940 661 1978 un
682 1919 779 1981 wien
805 1922 910 1987 1799.

155 2004 247 2065 Mil
233 2001 356 2063 lbillsfio
389 2003 494 2068 Gesch.
536 2003 754 2081 Dsutsehlands
789 2012 880 2107 antec
905 2000 977 2065 lose
975 1997 1022 2089 plu
1041 2001 1081 2074 11.
1110 2023 1143 2065 u·

206 2087 359 2173 napata
377 2089 415 2156 ιι
439 2075 608 2162 isoes
712 2184 716 2189 ι

547 2293 716 2446 §.rto
779 2294 780 2299 ‘

243 2513 329 2608 Vll,
373 2515 450 2590 Nec
484 2514 664 2590 defuerunt
691 2519 777 2590 inter
800 2515 1047 2615 Evangelicos5
1086 2515 1143 2613 'qud

139 2620 188 2691 de
217 2621 473 2716 propagando
505 2623 598 2693 inter
627 2622 809 2711 Judoeon
852 2623 1143 2711 Muhumedottos

139 2733 175 2794 ct
205 2721 365 2795 Gentiles
389 2725 539 2794 ueritate
564 2729 600 2796 cl
625 2727 776 2796 'ecclesia
802 2718 1017 2822 evangelica
1039 2724 1142 2821 eogi-

138 2834 264 2913 tarent,
299 2824 598 2915 emissionibus,
632 2847 715 2920 quas
742 2830 874 2923 dicunt,
907 2848 1051 2923 operam
1079 2830 1141 2900 da-

49 2938 52 2945 '
104 2952 106 2957 ’
138 2939 223 3000 rent.
274 2931 453 2999 Praeclare
489 2930 534 3000 de
568 2929 635 3000 hac
668 2942 766 3025 parte
798 2943 992 3003 meruerunt
1009 2930 1141 3026 'plures

137 3035 309 3128 principes
327 3035 394 3126 pii,
419 3034 511 3104 inter
525 3057 611 3124 quos
632 3034 809 3106 Ernestus
830 3036 935 3123 Pius,
960 3038 1039 3106 Dux
1065 3039 1140 3109 Gu-

122 3137 274 3227 thauus,
308 3136 516 3208 Fridericue
541 3135 609 3206 IV.
637 3146 672 3208 et
701 3137 741 3210 V.
766 3140 844 3211 Rex
868 3139 1017 3228 Daciae,
1054 3163 1139 3234 prae

137 3238 255 3309 ceteris
286 3235 464 3327 laudandi,
485 3238 594 3328 quod
620 3263 682 3310 suo
708 3232 866 3334 exemplo
897 3244 999 3311 etiam
1023 3254 1138 3315 nostro

135 3351 291 3437 tempore
321 3344 436 3435 plures
463 3344 662 3417 excitarunt.
715 3345 824 3429 Quod
854 3343 914 3413 viri
949 3347 1139 3441 'singuliiu

134 3445 203 3515 hoc
228 3446 398 3537 religionis
423 3447 562 3538 negotio
588 3448 818 3539 prosperrimo
840 3446 1038 3540 gaudebant
1062 3469 1138 3520 suc·-

63 3562 67 3574 “
135 3572 265 3635 cessu‚.
287 3549 324 3616 id
351 3560 454 3637 quam
487 3550 644 3643 maxime
666 3550 810 3620 debetur
844 3551 1072 3622 societatibus
1107 3559 1138 3622 ot

136 3650 465 3745 congregationibus
490 3652 536 3721 ad
560 3651 652 3721 hunc
682 3653 786 3722 finem
811 3653 845 3721 iu
869 3652 994 3744 Daunia,
1027 3656 1135 3725 Bate-

28 3747 36 3767 '
133 3753 204 3840 via,
243 3749 450 3841 Britannia„
470 3749 634 3826 'Helvetia
674 3764 711 3825 et
752 3754 936 3855 (tiemonis
970 3748 1135 3847 institutis,

132 3877 222 3944 quae
252 3855 345 3926 omni
379 3856 491 3933 studio
519 3868 556 3929 et
590 3857 774 3951 conjunctis
806 3859 931 3930 viribus
957 3861 994 3929 id
1019 3871 1134 3958 agunt,

133 3966 171 4027 ιιι
195 3971 270 4046 τοῖς
295 3956 431 4047 ἔξωθεν,
448 3962 591 4045 uerbum
614 3961 681 4031 Dei
710 3985 753 4032 ex
777 3961 852 4055 ipso
877 3965 1025 4056 genuino
1051 3966 1134 4037 sorl-

120 4068 252 4156 *piune
281 4086 399 4154 sacrae
429 4063 524 4138 fonte
545 4061 777 4159 annuntietur.
817 4057 970 4155 :Quanto
1000 4067 1039 4140 id
1067 4071 1133 4140 -fiat
