2572 4732
131 437 214 513 ‘144
250 438 358 510 mm
371 436 432 507 tn
450 435 757 515 flammemur
770 418 1019 514 eudaemo-

486 720 720 827 §14⁶-

236 937 378 1017 Arctior
399 944 516 1011 autem,
529 928 707 1027 [ejusmodi
734 934 936 1005 consonatio
961 955 1013 1003 eo.
1030 937 1141 1028 magis

138 1049 211 1110 erat
242 1041 444 1126 necessaria,
481 1061 549 1127 quo
578 1040 685 1106 aerius
700 1037 967 1127 *Catlioiicorum
994 1039 1142 1108 studium

137 1144 183 1214 ad
216 1146 413 1212 celeriorem
431 1140 708 1210 Ῥιοιιιιιιιιιιίειιιί
739 1162 976 1235 progressum,
1011 1134 1142 1212 si'fieri

125 1244 273 1342 posset,
299 1242 549 1339 reprimendum
575 1256 676 1336 atque
702 1244 989 1340 opprimendum„
1029 1244 1140 1317 Variis

136 1353 173 1421 id
193 1361 305 1425 autem
327 1360 490 1418 tentatum
504 1349 636 1433 :modia
687 1348 717 1422 1.
741 1349 966 1427 Anathemate
980 1351 1141 1420 Romano

136 1465 171 1525 et
195 1455 446 1545 Proscriptiune
470 1453 638 1544 imperiali
659 1451 818 1521 adversus
840 1453 1028 1523 Luthcrum
1045 1454 1140 1546 ejus-

136 1582 203 1649 que
233 1559 388 1626 asseclas.
441 1557 485 1627 ΙΙ.
509 1557 699 1646 Imperator
728 1555 883 1625 ceretae
907 1556 946 1625 V.
980 1581 1011 1624 a.
1035 1557 1140 1627 152⁰

136 1664 279 1747 electus,
305 1661 551 1755 potentissimus
576 1661 610 1727 in
636 1661 792 1728 universa
808 1659 951 1752 ‘Europa
964 1662 1140 1754 princeps,

135 1762 410 1836 reformationem
442 1764 498 1831 vel
522 1761 608 1831 ideo
635 1764 830 1854 opprimere
856 1764 1032 1855 cogitavit,
1060 1767 1140 1855 quia

136 1869 283 1938 libertati
309 1866 484 1948 Ordinum
510 1868 607 1957 regni
639 1868 775 1954 nimium
805 1867 924 1937 favere
942 1867 1138 1939 ridebatur.
1184 1934 1188 1941 .

135 1973 195 2042 lll.
221 1970 367 2041 Dimidia
393 1970 577 2038 domestica
602 1964 637 2038 et
668 1971 918 2060 politicaiuter
939 1972 1140 2064 Principum

135 2075 278 2145 familias
294 2096 375 2165 per
400 2094 522 2140 novam
551 2073 738 2140 doctrinam
764 2083 863 2141 aucte
886 2082 924 2141 et
949 2075 993 2143 ab
1019 2074 1139 2169 Impe-

58 2224 63 2230 -
136 2182 248 2248 ratore
275 2187 309 2246 et
335 2178 604 2256 Pontifice'cum
626 2178 744 2245 astutia
770 2172 968 2264 suatentata,
992 2200 1139 2248 concor-

136 2284 227 2352 diam
253 2282 361 2372 magis
394 2280 571 2372 magis‘que
605 2281 830 2357 minuebant2
857 2281 916 2351 lv.
951 2278 1139 2353 Consilium

135 2386 181 2455 de
207 2385 502 2455 confoederatione
524 2382 779 2454 catholicorum
802 2394 918 2452 contra
938 2385 1139 2456 Protestan-

133 2481 203 2575 tea,
237 2511 339 2579 quam
374 2488 512 2579 Ligum
544 2510 690 2558 socrum
726 2488 898 2572 dixerunt,
930 2487 1006 2578 jam
1020 2516 1023 2523 ·
1037 2501 1139 2561 antea

135 2603 358 2684 conceptum,
391 2591 470 2658 inde
505 2592 549 2659 ab
582 2589 615 2663 a.
641 2588 742 2673 1538
774 2592 911 2682 publice
937 2597 1140 2683 pronuntia-

132 2707 215 2764 tum.
268 2695 309 2765 V.
338 2693 533 2762 Concilium
552 2697 810 2764 oecumenicum
831 2719 852 2762 a
870 2696 1137 2778 Protcstantibua

53 2840 77 2889 g
135 2800 193 2867 diu
222 2798 444 2891 efflagitatum
467 2796 605 2890 tandem
631 2808 708 2890 post
737 2799 857 2867 multas
883 2800 1139 2890 tergiversatio·

132 2925 210 2987 nes,
243 2924 263 2968 a
292 2896 398 2968 1545·
417 2899 571 2969 Tridenti
598 2900 659 2969 sub
687 2903 841 2994 auspiciis
874 2910 908 2969 et
927 2901 1145 2977 ,conditionis

133 3006 197 3074 bus
238 3014 307 3073 tam
345 3004 509 3072 infausta
536 3004 749 3089 inchoatum,
793 3015 831 3071 ut
870 3004 1146 3087 Protestautibus¹

132 3110 225 3178 nullo
260 3107 364 3174 modo
397 3107 588 3175 satisfacere
626 3115 752 3200 posset.
816 3097 875 3175 tl.
913 3103 1146 3187 Jeaattarum'

137 3197 239 3284 Ordo
266 3211 309 3278 ab
339 3209 488 3303 Ignotio
510 3208 670 3307 Loyolu,
703 3211 891 3311 Hispano,
908 3209 1076 3305 institutus
1100 3190 1148 3315 εξ

132 3340 154 3385 a
186 3316 294 3384 Paulo
322 3304 380 3381 lii
418 3334 447 3382 a.
481 3296 585 3380 1540
619 3316 854 3413 confirmatus
893 3335 915 3381 a
945 3314 1153 3405 primordiae

133 3420 243 3489 statim
270 3416 398 3485 nullum
418 3416 524 3483 alium
544 3405 663 3486 iiabuit
689 3416 847 3511 scopum,
874 3440 977 3508 quam
998 3427 1037 3487 ut
1058 3429 1137 3502 tan-

133 3546 236 3614 quam
277 3521 569 3629 armamentarium
609 3530 725 3617 contra
761 3521 1038 3640 Protestantes
1028 3545 1138 3593 1user·
1154 3554 1157 3560 ¹

115 3724 118 3729 1
132 3624 229 3698 viret.

174 3796 197 3857 1.
239 3747 571 3853 Excommunicatiouia·
591 3791 745 3852 decretum
771 3793 942 3852 Romanum
971 3791 1136 3874 duplexa.

218 3883 308 3943 1520
330 3885 361 3935 et
386 3878 477 3942 1521
528 3874 717 3957 (⁵Riederer)
748 3877 924 3938 Geuohichte
953 3879 1008 3938 der
1035 3878 1136 3940 durch

215 3962 263 4022 dia
282 3961 468 4020 Publication
486 3961 540 4022 dar
560 3965 667 4043 papati.
679 3963 764 4022 Bulie
778 3959 877 4025 wider
887 3963 1035 4024 Luther’n
1052 3967 1135 4035 1520

214 4040 636 4126 erregtcuUnrulr'en.1776
658 4047 705 4115 4.
732 4046 960 4131 Proscriptionia
978 4040 1144 4111 decretum
