2572 4732
149 415 192 484 n.
205 415 232 483 1.
251 411 344 485 urse.
358 412 443 508 res.
458 421 492 484 et
504 397 610 490 ‘uua
629 416 740 493 rear,
763 409 1048 493 altra-1555.
1076 419 1152 493 raa

148 603 293 690 faciem,
327 604 527 672 acerrimum
554 626 628 672 sese
653 605 759 696 gessit
784 605 1024 678 adversarium.
1078 609 1151 681 Sed

148 705 221 797 ejus
239 729 413 775 successor
425 706 637 777 Joachimuo
652 706 725 797 IL,
743 719 926 799 postquam
942 712 986 780 ab
1001 735 1033 785 a.
1047 711 1149 782 1535

145 810 291 877 liberum
316 811 488 904 religionis
514 811 709 880 exercitium
733 815 946 904 permiserat,
977 839 1007 882 a.
1034 813 1148 905 1539,
1180 867 1188 890 .

145 935 214 981 una
240 935 317 981 cum
342 914 518 1007 Episcopo
550 913 717 983 catholico
743 913 904 986 Matthia
929 917 978 986 de
1000 915 1147 1014 Jugow‚

143 1015 284 1109 publice
315 1016 503 1085 doctrinam
537 1019 766 1110 euangelicam
797 1020 971 1110 professus
999 1030 1074 1109 est,¹
1099 1024 1147 1093 si-

143 1113 284 1209 mulque
304 1119 465 1189 Edictum
491 1120 535 1189 de
558 1121 675 1190 ordine
696 1122 924 1191 ecclesiastico
947 1123 993 1213 (a.
1015 1119 1145 1219 lirim}

142 1222 414 1314 quodomnium
442 1222 544 1317 hujus
569 1224 705 1318 generis
729 1223 897 1316 primum,
923 1225 1040 1296 emisit.

185 1428 229 1486 H.
252 1424 420 1486 Schmidt’a
449 1427 619 1509 Einieitung
645 1448 701 1487 zur
724 1427 1044 1512 Brandenburgiacheu
1070 1382 1143 1491 Kir-

229 1512 323 1570 chen-
347 1533 379 1572 u.
400 1512 590 1579 Res.-Gesch.
612 1517 704 1579 1718.
725 1512 756 1577 4.

188 1633 302 1783 nappe
328 1630 446 1694 nanno.
478 1633 532 1696 aer
560 1631 787 1715 Brundenburg.
807 1611 924 1696 'ceam
953 1633 1010 1696 m.
1034 1633 1084 1714 ut
1109 1657 1142 1718 p.

291 1737 370 1797 seqq.

473 2037 476 2042 ,
564 1970 716 2073 §.raa
840 2053 897 2083 Ι,

241 2183 333 2252 Inter
358 2181 546 2275 Principes
570 2181 784 2252 Aahultiuoa
811 2181 988 2275 praeclare
1019 2176 1154 2253 meruit'

142 2284 180 2355 V
175 2285 537 2380 olgunguotanquam
558 2287 777 2379 Augustanae
799 2285 1027 2354 confessionis
1050 2286 1139 2356 fide-

136 2390 178 2458 lis
212 2392 405 2473 confessum
427 2391 499 2482 ,sed
533 2391 646 2482 potior
679 2391 750 2458 laus
785 2387 928 2458 debetur
968 2388 1139 2482 Georgio‚

135 2494 303 2587 principi,
337 2495 396 2584 qui
430 2495 565 2562 nomine
590 2493 639 2585 pii
664 2503 699 2562 et
725 2493 816 2562 docti
843 2491 926 2584 jure
951 2493 1140 2583 meritoque

136 2606 283 2666 ornatur.
334 2598 367 2666 Is
395 2598 499 2682 enim,
531 2597 685 2666 Luthero
712 2607 748 2666 et
772 2595 1031 2663 Melanchthoni
1054 2619 1139 2688 prae
1236 2655 1240 2664 r

137 2702 258 2772 ceteris
286 2725 401 2785 carue,
435 2711 469 2769 et
493 2702 528 2768 in
552 2691 826 2793 interpretatione
851 2708 960 2768 textus
986 2700 1138 2792 origina-

134 2805 176 2872 lis
203 2805 238 2873 S.
261 2793 296 2873 S.
325 2805 417 2873 etin
450 2805 581 2895 scriptis
615 2805 772 2887 Patrum,
804 2799 945 2871 historia
978 2803 1138 2872 ecclesia-

136 2909 220 2976 stica
240 2916 274 2975 et
287 2907 369 3000 jure
396 2908 555 2986 canonico
577 2910 717 3001 egregie
742 2913 911 2992 versatur,
936 2927 1005 2973 non
1028 2898 1138 2974 ouium

134 3035 165 3091 a.
194 3006 297 3078 1534
328 3013 363 3078 in
389 3034 450 3078 suo
476 3011 686 3102 principatu,
718 3008 780 3078 sed
807 3010 907 3077 etiam
931 3008 966 3076 in
991 3007 1138 3102 Episco-

133 3123 219 3207 patu
251 3113 532 3206 Martisburgico‚
560 3113 655 3207 cujus
689 3112 947 3183 Administrator
980 3106 1138 3186 a.1544

133 3219 261 3304 factus,
288 3217 453 3310 evangelii
479 3218 589 3285 lucem
617 3226 651 3286 et
677 3217 777 3286 docte
801 3213 981 3286 scribendo
1003 3223 1038 3283 et
1058 3215 1137 3283 effi·
1270 3259 1275 3303 5

134 3324 261 3390 caciter
303 3320 535 3390 concionando
573 3321 735 3389 accendit.
788 3321 924 3412 Scripta
957 3317 1040 3412 ejus'
1064 3341 1138 3386 ser-

133 3448 236 3495 mone
277 3426 380 3492 latino
420 3433 455 3493 et
493 3424 673 3492 vernaculo
714 3425 847 3517 saepius
891 3421 982 3491 edita
1016 3443 1136 3490 causae

132 3529 420 3623 Evangelicorum
445 3524 587 3595 'multum
611 3528 824 3621 prosuerunt.
891 3602 894 3608 ,

176 3733 284 3793 baclo.
307 3733 479 3793 camerarii
499 3730 633 3789 narratio
656 3728 694 3788 de
712 3726 839 3807 Georgio
861 3725 996 3806 principe
1020 3721 1136 3785 Anhel-

143 3841 149 3849 ·
217 3820 294 3880 tino.
338 3818 384 3882 ef.
406 3817 526 3896 Georgii
547 3817 595 3878 Pr.
618 3816 781 3875 Contionea
802 3812 910 3894 synod.
934 3809 1030 3878 1555.
1050 3810 1081 3875 4.

144 3946 150 3952 '
176 3941 227 3999 Fr.
249 3939 485 4018 Pfannenberg:
516 3939 613 4015 Georg
641 3935 670 3995 d.
689 3935 801 4012 Dritte,
830 3931 923 3992 Fiirot
949 3952 988 3993 zu
1014 3931 1135 4008 Anhalt,

217 4024 385 4105 coadjutor
407 4045 445 4084 zu
467 4021 639 4102 Meraeburg
660 4042 691 4082 u.
709 4042 734 4088 a.
755 4041 794 4080 w·
818 4022 912 4087 1830.
933 4021 962 4084 8.
1035 4115 1036 4118 Ἴ
