2572 4732
242 453 327 526 Loo.
344 453 388 527 ll.
414 452 577 527 Historia
592 419 1020 550 ecolesioellesormotoe.
1053 450 1130 524 185
1165 445 1171 458 '
1258 445 1263 464 '

106 639 292 712 'successu
326 665 356 710 a.
384 638 485 709 1626
511 648 545 709 et
572 639 673 710 1621
704 642 894 712 Reformati
925 666 1004 713 cum
1035 641 1132 711 Wal-

134 745 293 822 donsibus
316 745 542 812 coalescentes
572 743 751 814 fluitatem
762 745 930 840 fratrum
951 747 1133 816 constituo

133 857 230 919 ronta
262 871 317 916 res
341 849 445 939 longe
471 848 600 922 facilius
630 849 853 942 perficienda,
884 847 987 941 quarn
1020 851 1133 918 consi·

134 953 218 1019 lium
242 950 342 1038 illud,
369 974 437 1041 quo
463 975 492 1021 a.
516 946 616 1020 1645
643 952 862 1045 Colloquium
882 953 1135 1023 charitativum

141 1055 397 1142 rononiense,
430 1053 475 1122 ad
504 1056 772 1126 reconciliandos
802 1057 1029 1126 Protestantes
1058 1076 1135 1126 curn

137 1157 341 1242 Catholicis,
373 1166 424 1226 est
455 1156 608 1226 habitum
641 1170 676 1227 et
706 1168 842 1252 sperato
869 1160 994 1228 effectu
1021 1160 1136 1232 caruit.

137 1260 212 1330 Sed
244 1284 332 1329 saec.
365 1261 489 1333 XVllL
525 1260 690 1362 Synodus
721 1263 893 1333 Ltoeostc
925 1264 979 1352 (a.
1011 1258 1137 1354 1715)

136 1365 285 1457 primam
316 1363 401 1432 inter
435 1364 646 1437 Luthoranos
673 1374 707 1434 et
733 1367 949 1434 Reformatos
981 1362 1140 1434 unionem

136 1467 355 1560 pronuntians
371 1469 544 1559 praestitit,
570 1469 664 1558 quod
681 1469 1014 1558 Sendomiriensibus,
1040 1470 1139 1560 culpa
1185 1554 1190 1570 Ι

138 1571 322 1662 temporis,
361 1571 513 1639 nondum
546 1573 647 1640 licuit.
705 1573 823 1667 ltaque
854 1573 998 1645 Polonia
1029 1573 1140 1666 prima
1202 1590 1203 1594 ’

138 1675 271 1751 unionis
300 1675 544 1751 ecclesiasticae
569 1676 688 1776 patria,

188 1843 259 1905 Cor.
281 1844 318 1905 G.
340 1866 369 1912 o.
391 1846 517 1905 Dieoe’e
537 1846 682 1926 Beytr‘alge
702 1864 758 1904 our
778 1841 970 1909 net-Gesch.
996 1842 1030 1905 in
1049 1840 1142 1928 Polen
1257 1890 1260 1895 .

228 1950 260 1988 ιι.
282 1929 453 1992 Litthauen.
474 1930 532 2000 rh.
553 1931 576 1992 l.
599 1933 635 1997 ll.
663 1934 754 1997 1786.
777 1933 807 1993 8.

186 2016 376 2095 Biicolring'o
403 2025 524 2076 neueste
555 2016 659 2077 Gesoh.
686 2016 742 2076 der
767 2035 812 2079 ev.
834 2015 953 2094 beyden
975 2012 1145 2075 Confessio·
1194 2084 1197 2097 Ι

230 2122 291 2161 nen
310 2102 344 2160 in
363 2102 455 2167 Polen
476 2122 507 2162 u.
528 2101 698 2162 Litthauen.
717 2099 774 2165 Th.
788 2100 894 2167 1-lv.
917 2098 1101 2166 1784—871
1113 2097 1146 2162 4.

189 2187 356 2248 consensus
378 2186 632 2247 Sendorniriensis.
652 2186 709 2254 Ed.
731 2188 893 2255 Strimeeii,
917 2182 1008 2252 1704.
1030 2187 1061 2248 8.

189 2275 233 2334 D.
255 2276 293 2334 E.
315 2272 471 2340 Joblouokr'
490 2271 562 2342 hist,
584 2274 758 2339 consensus
770 2270 938 2336 Sendomir.
960 2272 1052 2336 1731
1072 2269 1104 2334 4.
1165 2275 1174 2342 ⁸.

190 2389 233 2406 -
276 2392 317 2405 —
359 2389 404 2404 -
446 2358 535 2437 epist.
553 2359 698 2438 apologet.
720 2389 760 2403 -
781 2389 825 2408 -ι
845 2389 889 2404 ·-
908 2388 952 2403 —
971 2385 1034 2414 -.
1171 2362 1178 2386 ‘

191 2443 310 2523 Scripta
342 2439 479 2505 facientia
509 2443 548 2503 ad
577 2442 765 2522 colloquium
793 2462 810 2500 a
838 2443 875 2506 R
905 2439 1068 2504 Vladislav.
1098 2437 1148 2498 lV.
1168 2399 1174 2416 ³

236 2529 374 2589 Thoruni
398 2530 558 2595 indictum.
599 2530 727 2590 Accedit
748 2529 801 2595 Ge.
823 2525 932 2588 Calixti
952 2523 1151 2586 consideratio

236 2614 302 2677 et}
304 2639 356 2676 ιιικ
358 2634 443 2697 ρ.ισις
469 2615 561 2682 1645.
582 2616 614 2681 4

193 2696 271 2761 Acta
292 2701 464 2762 Conventus
485 2684 622 2761 Thorun.
645 2696 737 2765 1646.
760 2695 792 2764 4.

88 2828 89 2831 .
195 2784 272 2846 Acta
292 2784 399 2848 histor.
421 2786 493 2850 eccl.
516 2789 550 2861 Τ.
571 2787 621 2854 lV.
642 2806 674 2866 p.
688 2789 752 2850 287
765 2803 848 2866 seqq
838 2779 931 2848 ··Vll
951 2800 981 2864 Ρ.
995 2781 1059 2850 293
1071 2795 1152 2858 80‘1‘1·

162 2913 163 2916 a
218 2870 316 2964 *vus
337 2893 371 2960 p.
391 2873 456 2950 111
476 2892 557 2960 seqq·
579 2875 641 2946 795
663 2881 746 2952 reul-
931 2885 933 2890 ’

470 3141 475 3151 ’
579 3126 617 3229 §.
645 3129 731 3204 19⁰.

260 3305 436 3401 Hoagori
469 3307 685 3399 evangelicae
706 3298 919 3377 confessioni
952 3292 1077 3364 addicti
1113 3290 1158 3358 ab

158 3408 250 3478 initio
277 3435 392 3480 omnes
415 3410 602 3479 doctrinam
622 3407 765 3478 Lutheri
782 3404 1035 3498 profitebantur.
1087 3391 1161 3462 Sed

160 3513 275 3581 medio
302 3514 507 3586 saec.le
534 3514 635 3583 etiam
660 3509 849 3580 Reformati
882 3507 931 3574 ibi
961 3506 1057 3573 erant
1082 3518 1161 3565 cum

160 3617 310 3705 reliquiis
342 3618 554 3686 Hussitarum
592 3625 626 3684 et
657 3613 889 3689 Waldensium
922 3605 1044 3676 arctius
1077 3622 1161 3667 con-

128 3810 131 3814 ·
156 3717 279 3812 juncti.
330 3721 507 3812 Tempore
536 3700 719 3788 Formulae
753 3712 963 3786 Concordiae
991 3727 1060 3798 pax
1085 3723 1163 3772 cum

162 3823 385 3913 Lutheranis‚
411 3825 456 3892 ad
482 3824 653 3912 utriusque
680 3817 895 3889 confessionis
916 3811 1163 3892 detrimentum,

164 3927 321 4013 turbata,
346 3876 385 3994 ul
413 3926 594 4020 Confessio
617 3922 905 4016 Caengerinoa
868 3918 915 4007 (a.
933 3912 1071 4002 loto),
1095 3917 1166 3976 taur

165 4027 369 4101 Lutherouis
413 4053 515 4123 quam
553 4026 764 4122 Zwingliauis
804 4023 983 4117 opposita,
1018 4021 1167 4086 testatur.
