2572 4732
139 450 216 525 154
275 454 360 543 Pars
372 452 439 528 111:
453 450 624 524 *Historia
636 450 759 524 eccles
773 446 1011 533 rimone.
1030 448 1033 453 ’
1077 466 1118 513 A·
1137 450 1147 507 ζ’

120 641 353 738 sperandum.
405 642 629 712 Nihilominus
662 643 756 711 varia
790 651 948 736 expertus
979 652 1032 713 est
1062 636 1152 735 retr?

137 746 260 838 quibus
287 747 432 816 ecelesia
458 747 654 839 evangelica
674 747 729 814 vei
747 742 978 839 prosperavit,
1003 749 1060 817 vei
1079 748 1153 829 doe

137 852 330 946 trimentum
363 861 397 918 et
431 850 694 920 deminutionem
720 859 771 920 est
795 874 904 945 passa
956 851 1061 937 Fides
1087 853 1143 921 hi-

138 956 260 1024 storica
291 956 460 1047 postulat,
493 963 531 1022 ut
554 953 642 1023 haee
670 952 756 1038 fata,
789 955 860 1024 sive
885 964 1039 1045 externa,
1073 956 1144 1026 sivo

137 1060 282 1145 intema‚
314 1058 384 1127 sine
417 1057 628 1150 praejudicio
661 1066 695 1125 et
720 1059 869 1150 partium
893 1060 1003 1128 studio
1031 1082 1144 1152 expo-

137 1185 274 1250 namus,
308 1171 412 1252 utque
443 1163 533 1230 bona
567 1170 613 1229 et⁴
632 1160 743 1230 fausta
774 1164 903 1232 sincero
935 1173 970 1232 et
988 1154 1144 1232 'libenter

135 1289 389 1353 recenseamus,
416 1266 477 1335 sed
504 1273 538 1333 et
563 1266 676 1354 iniqua
695 1274 730 1333 et
748 1266 890 1334 adversa
915 1288 983 1334 nou
1009 1267 1143 1335 silentio

135 1381 396 1465 praetereamus.
448 1368 490 1438 id
515 1378 629 1437 tamen
655 1367 876 1457 monendum,
908 1392 974 1462 pro
1001 1371 1145 1440 oonsilio

138 1485 253 1568 nostro
280 1474 325 1541 ad
350 1497 404 1542 res
431 1482 584 1542 externas
620 1474 832 1571 potissimum
858 1496 930 1545 esse
955 1474 1144 1566 respicien-

136 1578 234 1663 dum,
260 1600 365 1667 quum
390 1600 445 1645 res
471 1577 621 1646 internae
650 1577 695 1644 ad
721 1576 895 1647 historiam
924 1577 1144 1672 'liheologiao
1180 1604 1185 1611 ’

42 1733 47 1745 .
137 1691 171 1751 et
196 1682 395 1775 dogmatum
418 1681 532 1774 potius
556 1680 620 1748 sint
644 1679 853 1750 referendae.

66 1863 69 1870 '
178 1851 221 1912 De
248 1848 372 1912 historia
401 1848 550 1929 religionis
577 1859 608 1909 et
627 1847 802 1929 ¹theologiae
832 1865 937 1930 evang.
965 1849 1144 1930 consulendi

220 1945 293 1996 sunt
314 1936 384 1996 libri
404 1935 431 1997 J.
455 1938 493 1998 G.
520 1935 663 1995 Walclzii
691 1935 781 2018 (hist.
803 1957 833 1996 u.
855 1934 947 1996 theol.
969 1935 1143 2016 Einleitung

164 2063 168 2068 -
222 2023 255 2082 in
269 2022 318 2081 die
331 2022 635 2103 Rei-Streitigkeiten
656 2031 686 2082 in
705 2045 735 2083 u.
751 2043 851 2083 ausser
866 2023 921 2083 der
934 2041 979 2081 ev.
994 2020 1142 2099 Kirche),

159 2132 162 2136 ⁴
224 2111 263 2169 G.
286 2111 313 2174 J.
336 2108 483 2168 Planckii
510 2106 633 2184 (Gesch.
657 2109 711 2168 der
732 2116 854 2190 protest.
876 2102 1046 2186 Theologie
1083 2107 1144 2171 Th.

220 2195 352 2272 l-v.)‚
385 2197 416 2255 S.
437 2195 462 2254 J.
483 2197 714 2274 Baumgarteni
741 2193 879 2271 (Einloit.
908 2194 939 2252 in
953 2193 1015 2253 'die
1046 2190 1145 2253 thesis

221 2281 461 2360 Streitigkeiien5
487 2279 536 2344 od.
557 2281 585 2343 J.
606 2283 638 2344 S.
657 2282 785 2349 Semlers
803 2282 840 2348 Τ.
861 2279 967 2340 l-IH.
985 2276 1040 2360 4.)
1064 2280 1141 2340 olio·-

219 2386 355 2446 rumque.
1151 2386 1153 2395 ·

559 2535 596 2636 ς.
626 2536 711 2608 rao.

238 2710 342 2797 Quod
369 2720 480 2779 autem
500 2708 552 2778 'ad
578 2718 700 2805 statum
727 2712 901 2778 extensum
927 2711 1061 2798 attinet,
1084 2706 1148 2779 ind

135 2825 186 2884 tet
214 2816 285 2909 ojus
314 2815 385 2882 fata
412 2815 527 2904 iniqua
559 2813 646 2882 haec
672 2837 757 2907 prae
788 2815 907 2882 ceteris
931 2813 1150 2883 recensenda<
1206 2846 1209 2851 ·

16 3004 19 3012 Ι
135 2942 208 2989 esse
225 2919 405 2989 videnturs'

26 3098 38 3109 Ι,
184 3042 188 3052 ’
237 3024 264 3091 Ι.
316 3024 357 3092 In
381 3020 564 3115 provinciis
589 3019 805 3110 Imperatoris
836 3021 995 3114 potestati
1021 3021 1142 3115 subje-

138 3127 216 3212 ctis,
246 3150 349 3218 quam
368 3126 513 3194 maxime
537 3133 649 3190 autem
670 3124 703 3190 in
724 3122 924 3217 Hungat‘s‘a
945 3134 981 3193 et
996 3124 1152 3215 Silenici,-

133 3231 192 3300 ubi
218 3254 239 3298 a
269 3232 386 3324 primis
418 3231 529 3299 statim
563 3227 655 3294 annis
681 3228 801 3297 veritas
835 3229 1031 3320 evangeliea
1057 3230 1142 3299 altas

134 3343 255 3426 egerat
285 3334 437 3421 radices,
474 3334 704 3402 Protestantes
736 3333 867 3424 saepius
899 3332 1009 3400 vexati
1037 3336 1144 3423 atquo

111 3431 277 3525 adflicti,
301 3437 568 3530 culpa-maxime
590 3434 813 3520 Jesuitarum,
836 3437 965 3527 quippe
988 3436 1046 3526 qui
1059 3436 1152 3530 jura*

134 3547 169 3610 et
193 3543 373 3633 privilegia
397 3539 660 3609 Protestantibus
681 3561 768 3630 pace
789 3538 1031 3630 Guestphalica
1055 3563 1142 3610 cou-
1198 3535 1203 3544 ’

134 3667 230 3713 cessa
255 3644 301 3712 ad
325 3647 386 3713 has
413 3643 602 3736 provincias
627 3642 797 3733 pertinere
821 3651 986 3733 negarent
1008 3653 1043 3712 et
1068 3644 1142 3713 lm'·

132 3759 307 3841 peratores
338 3748 383 3815 ad
407 3748 575 3838 promissa
601 3754 635 3813 et
661 3755 762 3837 pacta
792 3745 949 3814 violanda
973 3748 1143 3841 'impelle-

132 3859 215 3920 rent
267 3852 356 3922 nnn
377 3850 491 3936 roso,
507 3833 621 3935 1611,
637 3846 749 3936 rosi,
767 3845 878 3936 rosi,
893 3847 1139 3940 soranam,
1175 3934 1178 3939 ⁸

63 3982 84 4048 j
132 3959 217 4048 prae
230 3982 232 3987 ·
246 3957 378 4026 'ceteris
412 3953 678 4024 Protestuntibus
709 3954 760 4021 in·
779 3952 957 4048 Huugaria
988 3954 1140 4030 infausti:

132 4048 241 4129 iidem
264 4060 364 4129 etiam
388 4057 569 4128 recentiori
593 4059 861 4150 tmuporo,‘²·sub
880 4058 962 4152 ipsis
981 4058 1143 4154 suspirii
