2572 4732
217 415 221 424 ¹
253 434 338 507 Loc.
352 431 396 507 ll.
420 430 585 506 Historia
601 432 772 506 ecciesiae
784 433 1034 531 Reformatoe.
1070 437 1147 510 198

139 616 480 715 tempore-Ecclesia
507 621 710 694 cathedralis
734 644 762 696 s.
786 623 894 693 aulica
916 623 1142 701 Berolinensis

139 727 285 817 (ritibus
307 732 426 795 tamen
457 748 526 795 non
552 726 690 818 prorsus
721 728 883 819 mutatis)
918 739 953 798 ct
985 725 1143 805 Facultas

138 830 401 922 Theologorum
420 830 784 920 Ριιιιιοοιιιιιιιιοιιιιιι,
804 840 990 924 praeeunte
1009 843 1044 903 et
1064 859 1143 906 mo-
1181 832 1182 838 '

139 933 280 1003 deraute
307 933 563 1027 christophoro
591 933 758 1028 Paiorgo
778 934 897 1023 (titulo
918 931 1064 1007 Irenoei
1082 961 1142 1010 re-

137 1037 251 1106 divivi
283 1035 446 1128 ornato),
484 1037 689 1106 reformatae
735 1038 935 1107 confessioni
973 1041 1142 1115 addictae.

138 1140 302 1216 Ceterum
327 1142 496 1222 neminem
527 1142 587 1210 ille
620 1162 778 1262 cogere&
800 1165 866 1211 nec
904 1145 1143 1216 conscientiam

136 1245 265 1314 violare
290 1245 415 1331 uoluit,
452 1243 513 1313 sed
538 1245 719 1314 renitentes
749 1245 838 1314 cives
869 1254 903 1315 et
929 1246 1144 1342 Theologotr
1173 1267 1174 1270 ’
1260 1237 1262 1242 ’

136 1347 321 1440 inprimis
312 1370 347 1416 ιιι
367 1347 544 1434 Borussia‚
567 1372 693 1440 magna
715 1372 792 1417 cum
814 1349 976 1442 patientia
1001 1359 1036 1420 et
1055 1377 1142 1444 pru·

124 1451 253 1547 dentia
283 1452 366 1520 tulit
419 1452 580 1520 Animum
603 1474 749 1545 aequum
778 1475 820 1520 ao
846 1453 1059 1524 moderatum
1086 1457 1143 1526 vel

136 1576 182 1625 eo
209 1550 371 1655 ostendit,
399 1554 494 1647 quod
522 1556 568 1624 ad
588 1555 773 1646 Synodum
798 1556 1054 1662 Dordracenapr
1078 1584 1142 1631 nec

133 1640 279 1752 legatos
290 1658 396 1747 misit,
420 1682 483 1733 nec
506 1657 697 1729 decreta
664 1683 737 1753 epus
756 1659 949 1753 publicavit.

179 1826 224 1905 Β
245 1828 291 1894 Η.
313 1829 475 1907 Her-inge
486 1827 556 1894 hist.
585 1825 696 1888 Nachr.
724 1847 786 1889 von
813 1828 882 1888 dem
902 1837 1003 1890 ersten
1026 1828 1143 1917 Apiang
1181 1856 1185 1865 ·

224 1911 278 1975 der
300 1933 347 1980 ev.
369 1915 490 1979 resorm'.
510 1913 652 1973 Kirche
643 1936 676 1974 m
697 1913 924 1994 Brandenburg.
952 1919 1046 1983 1778.
1070 1923 1101 1985 8.

180 2031 233 2044 -
264 2033 308 2044 --
349 2032 392 2046 -
435 2000 694 2079 Verbesseruugen
714 2019 746 2063 u.
764 2001 943 2062 Zusitzazu
960 2001 1020 2064 den
1037 2002 1142 2077 histor.

221 2082 435 2150 Nachrichten.
459 2089 552 2151 1783.
575 2089 604 2150 8.

179 2168 273 2248 Mylii
293 2168 408 2259 Corpus
431 2171 592 2229 Constitui.
614 2167 759 2235 Marchic.
783 2169 819 2235 T.
840 2168 864 2231 I
885 2189 918 2250 p.
940 2168 1003 2236 354
1025 2142 1117 2251 seqq.
1214 2183 1218 2191 '

182 2254 222 2320 G.
256 2254 311 2316 G.
323 2257 435 2315 Kiistrr
464 2255 650 2327 Bibliotheca
678 2255 786 2316 histor.
805 2251 964 2316 Braudeb.
995 2256 1089 2326 1748
1111 2261 1140 2326 8.

180 2360 254 2473 ...P
267 2337 626 2487 ipsemecum
602 2446 705 2508 opusc.
730 2425 766 2493 Τ.
787 2424 838 2493 IV.
858 2445 891 2506 P·
912 2427 952 2492 61
975 2443 1056 2510 seqq.

291 2736 296 2744 ·
564 2713 716 2816 §.mu

215 2959 217 2962 .
241 2889 376 2960 Eadem
389 2858 527 2983 quo'que
540 2891 721 2985 prodentia
733 2899 768 2962 et
778 2889 1009 2961 moderatione
1022 2911 1139 2964 omnes

134 2993 210 3063 fere
231 2994 303 3086 ejus
324 3019 534 3065 successores
558 2996 742 3088 conspicui.
792 2996 968 3087 Tempore
984 2994 1064 3064 belli
1077 2998 1139 3066 tri-

135 3098 230 3190 ginta
253 3122 418 3167 annomm
437 3098 622 3170 Jobonnes
640 3098 822 3192 Georgius
840 3123 870 3166 a.
886 3095 985 3169 1631
1000 3100 1035 3167 io
1055 3099 1155 3168 coia

135 3201 253 3294 loquio
266 3203 434 3294 Lipsiuco
449 3201 623 3288 consiliunt
638 3202 805 3281 Eiectoris
819 3201 976 3270 saxonici
991 3211 1029 3270 et
1039 3204 1139 3271 Priu-

136 3305 221 3396 cipis
243 3305 385 3374 Hassiae
416 3307 460 3374 de
482 3304 736 3374 reconciliandis
765 3304 912 3373 ecclesiis
935 3306 1138 3398 evangelicis

135 3409 228 3476 omni
248 3412 357 3501 opera
376 3409 515 3500 adjuvit.
567 3409 776 3477 Fridericoa
793 3406 994 3478 Guilelmus
1007 3408 1060 3476 M.
1077 3433 1146 3492 au·-

134 3520 205 3581 tem
232 3511 268 3578 in
293 3513 527 3604 pacificatione
555 3511 802 3604 Guestphalica
830 3534 955 3579 nomen
982 3511 1139 3582 Statoris

134 3615 309 3684 ecclesiae
332 3615 555 3708 reformatae
582 3618 722 3706 meruit,
752 3614 973 3684 Academiam
1006 3615 1138 3685 Teuto-

133 3719 312 3812 burgicam
333 3719 390 3810 (a.
404 3716 530 3811 1655)
551 3720 705 3806 instituit,
731 3726 766 3786 et
782 3717 988 3809 Hugenottis
1012 3742 1032 3786 e
1051 3716 1139 3786 Gal-

133 3821 181 3890 lia
201 3823 307 3914 pulsis
329 3825 461 3913 asylum
484 3834 520 3893 et
536 3824 680 3892 liberum
696 3820 914 3889 confessionis
932 3830 967 3889 et
979 3822 1061 3908 ritus
1076 3844 1138 3891 ox·
1212 3849 1216 3855 ·

134 3926 288 3995 ercitium
307 3929 456 4016 paraviti
482 3928 599 3998 zelotis
619 3936 733 3995 autem
751 3919 925 4014 utriusque
946 3925 1051 4046 partis
1070 3949 1139 4018 pa-

134 4029 271 4119 cisque
267 4029 501 4104 turbatoribus
527 4030 744 4145 prudentiam
769 4027 870 4097 simul
898 4029 969 4097 et
959 4050 1138 4099 inconcus·

177 4145 266 4210 Har.
280 4166 362 4208 acor..
881 4144 933 4215 13
