2572 4732
213 439 292 508 Per.¹
305 436 337 509 1.
358 435 398 506 A
411 412 536 508 Carni.
552 435 608 508 M.
620 458 696 530 resq.
711 437 766 509 nd·
782 433 944 534 Gregm.
962 435 1046 515 Vll.
1099 435 1152 520 tt

572 809 724 941 §.roa
895 824 898 831 ·
985 744 1006 833 ι·

224 1039 292 1126 Qui
326 1039 492 1133 principia
524 1036 734 1119 hierarchica
760 1050 801 1113 et,
822 1021 970 1121 rationes
994 1042 1148 1132 politicas

144 1142 382 1214 Romanorum
426 1140 641 1212 Pontifionm·
670 1145 858 1213 accuratius
901 1146 1162 1237 examinaverit,

144 1249 208 1323 llas
233 1250 445 1341 potissimum
477 1271 549 1316 esse
580 1249 765 1342 intelliget:
788 1325 791 1329 ¹
817 1248 844 1320 l.
870 1247 1051 1317 Libertatis
1078 1258 1149 1318 stu-

144 1340 264 1438 dium,
309 1375 378 1442 quo
404 1356 483 1421 snae
508 1346 682 1443 potestatis
709 1375 805 1437 esse,
844 1346 950 1442 seque
981 1353 1025 1420 ab
1059 1355 1150 1421 omni
1182 1406 1186 1411 .

141 1458 344 1533 ¹auctoritate
360 1464 395 1523 ct
412 1455 650 1548 jurisdictione
669 1452 847 1542 saeculari,
875 1452 1150 1548 etiam'lmpera-

145 1561 253 1644 toria,
288 1561 433 1628 eximere
458 1560 646 1633 voluerunt.
698 1560 740 1627 ll.
769 1559 943 1635 Constans·
961 1568 996 1628 et
1021 1577 1150 1683 perpe-¹

140 1672 205 1732 tua
229 1664 392 1748 voluntas,
420 1673 454 1731 et
480 1660 618 1730 conatus
644 1662 815 1750 indefessi,
840 1663 885 1731 ad
911 1665 1048 1753 quaevis
1063 1689 1149 1758 neg

146 1769 217 1836 otia
242 1769 394 1860 publica
411 1767 652 1855 concurrendi,
692 1766 845 1835 omuibus
873 1768 981 1835 causis
1005 1769 1149 1859 politicis

147 1895 225 1940 sese
250 1871 476 1953 immiscendi
510 1881 544 1937 et
575 1871 692 1963 Reges
720 1871 963 1963 Principesque
988 1871 1150 1964 Europae

146 1975 184 2042 in
209 1998 285 2042 snas
318 1985 432 2067 partes
457 1974 631 2063 trahendi,
674 1997 800 2064 eosque
831 1974 1019 2043 auctoritati
1049 1978 1148 2067 Apo
1239 1967 1242 1977 ’

146 2080 286 2146 stolicae
312 2079 400 2145 sedis
417 2076 624 2167 subjiciendi.
675 2078 735 2145 lll.
763 2077 939 2168 Cupiditas
962 2080 1151 2169 possessio-

147 2204 214 2250 nes
234 2181 450 2250 territoriales
486 2181 634 2273 augendi
660 2189 695 2248 et
718 2178 907 2270 prouincias
944 2182 1149 2270 acquirendi,

148 2308 193 2354 eo
220 2286 374 2370 consilio,
400 2291 439 2351 nt
463 2284 548 2351 inter
567 2284 741 2374 Principes
766 2285 954 2357 saeculares
973 2306 1151 2355 nnmerum

148 2397 185 2457 et
210 2390 325 2457 locum
350 2388 530 2456 obtineant
582 2386 643 2460 lV.
667 2385 843 2480 Subjectio
862 2396 897 2463 et
920 2387 1151 2467 subordinatis)

118 2553 121 2559 ,
148 2492 300 2560 omnium
325 2493 607 2610 Episcnopornm,
624 2492 767 2559 maxime
793 2513 910 2560 eorum
935 2492 970 2558 in
990 2491 1102 2560 Gallia
1117 2500 1151 2561 et

148 2596 353 2679 Germania,
380 2595 439 2686 qni
463 2593 730 2685 independentes
757 2617 830 2663 esse
849 2595 982 2674 vellent.
1023 2595 1065 2664 V.
1082 2578 1152 2665 Pa-

148 2702 328 2768 trocinium
354 2707 388 2767 et
413 2699 517 2766 tutela
536 2696 705 2767 Ordinum
729 2698 1000 2792 Religiosorum‚
1025 2708 1063 2768 ut
1089 2701 1151 2768 cli-

150 2811 246 2872 entes
281 2812 316 2872 et
348 2826 462 2872 servos
494 2801 661 2871 inherent
687 2803 918 2873 devotissimos
957 2813 1061 2893 atque
1087 2803 1152 2873 ad-

136 2907 359 2976 diutissimus
392 2907 470 2976 Vl.
499 2904 591 2975 Gnra
621 2929 686 2998 pro
722 2907 794 2975 fide
824 2906 1075 2999 propaganda,
1115 2915 1153 2977 ut

136 3034 231 3078 cum
261 3011 403 3080 ecclesia
434 3010 531 3080 simul
563 2992 672 3078 suam
689 3011 907 3088 extenderent
937 3019 1151 3102 potestatem.

150 3114 227 3184 Vll.
243 3114 481 3206 Privilegium‚
508 3135 576 3201 quo
591 3114 715 3183 Laicos
742 3115 786 3183 ab
813 3114 978 3183 electione
998 3113 1153 3187 Clerico·
1267 3142 1271 3153 ·

150 3240 227 3287 rum
266 3228 370 3307 atque
410 3216 663 3336 Episcqporrnn
703 3212 920 3287 excluderent
961 3240 1153 3308 nexumque

133 3323 238 3390 inter
264 3321 442 3393 ecclesiam
468 3330 502 3388 et
527 3320 707 3411 imperinm
734 3321 831 3392 civile
856 3321 1033 3391 solverent
1059 3319 1152 3399 Vlll.

151 3424 206 3493 Ea
236 3427 414 3494 Romanae
448 3423 609 3493 ecclesiae
642 3419 833 3497 constitutio
873 3433 977 3514 atque
1008 3423 1153 3501 admini-

151 3531 285 3617 stratio,
310 3538 349 3598 ut
375 3528 489 3597 omnia
513 3536 607 3595 certo
633 3549 674 3594 ac
699 3537 869 3620 perpetuo
887 3527 1007 3602 ordine
1032 3537 1068 3601 et.
1084 3549 1153 3603 uuo

132 3635 249 3724 -quasi
280 3643 398 3701 tenore
430 3630 505 3700 lieri
529 3638 686 3722 ‘possent
737 3632 827 3705 luter
859 3632 960 3729 plura
984 3631 1154 3724 ejusmodi

152 3737 437 3805 institutaeminet
453 3733 655 3826 Collegium
679 3732 930 3805 cardinalium
944 3733 1153 3813 anuolllisi)
1263 3725 1266 3730 ’

152 3840 369 3908 instauratum
404 3848 439 3908 et
463 3862 534 3906 non
558 3840 669 3906 solum
701 3838 854 3908 electioni
879 3840 1064 3929 Ροιιίίίὶοίι,
1090 3837 1153 3908 sed

155 3945 257 4012 etiam
293 3943 413 4012 officiis
447 3942 590 4012 Concilii
613 3944 774 4034 perpetui
805 3953 840 4013 et
865 3943 1011 4021 &nnus
1042 3945 1154 4017 ecele-

154 4048 277 4117 siastici
302 4047 452 4158 supremi
475 4046 666 4118 ueniere.
