2572 4732
119 404 211 504 nr.
229 430 423 526 Harmas.
440 431 594 505 anna
615 433 726 504 ran.
745 429 1031 506 nemausas.
1065 435 1143 507 rao

176 621 203 678 J.
225 620 264 679 G.
282 621 323 679 L.
345 622 532 698 Koaegarten
553 620 591 706 de
611 620 687 683 lucia
707 640 810 700 evang.
831 621 866 689 ia
887 622 1063 689 Pomernnia
1084 641 1141 685 ex·
1189 665 1190 671 κ

210 704 727 771 'orientisadversariia1830·4.
814 762 817 768 .
863 733 865 736 ’
922 717 924 720 ⁴

175 808 203 868 J.
226 809 277 868 Fr.
302 811 473 867 Bertram’a
493 807 705 867 summarische
726 808 896 888 Erziihlung
917 831 980 870 von
1002 812 1056 872 der
1076 778 1141 873 Pre-v

218 894 341 959 format.
361 895 394 953 in
415 893 622 956 Ostsriesland.
647 898 740 965 1731.
763 893 793 957 4.

175 1026 220 1039 -
261 1028 305 1042 -
347 1032 388 1042 -
431 998 592 1057 εῐῐῆυῐεῐῐθ
613 1017 645 1055 u.
666 996 865 1079 yertheidigte
890 997 1036 1060 Ostsriesl.
1053 1000 1140 1068 Res,-

140 1115 143 1122 ·
219 1101 250 1146 u.
270 1081 500 1162 Kirohengesch.
524 1085 617 1149 1738.
640 1081 671 1146 4.

177 1190 218 1228 '-
262 1218 306 1229 -
347 1219 390 1230 -
431 1185 538 1248 histor.
575 1186 703 1261 Erweis,
746 1183 814 1244 daea
855 1185 1051 1246 Ortsriealand
1085 1209 1141 1248 zur

220 1270 286 1328 Zeit
318 1270 350 1329 d.
376 1271 440 1334 nef.
473 1272 527 1331 der
556 1289 659 1350 evang.
683 1266 887 1330 lutherischen
919 1291 948 1332 u.
972 1272 1064 1331 'nicht
1086 1274 1140 1334 der

221 1356 415 1416 reformirten
436 1356 548 1417 Kirche
569 1358 760 1438 beygetreten
782 1375 842 1435 sey.
874 1361 967 1422 1732.
991 1357 1023 1424 4.

178 1489 222 1502 -
264 1496 304 1506 -
348 1493 392 1506 -
432 1459 559 1521 historia
581 1459 649 1525 crit.
671 1459 813 1519 Johannis
835 1481 852 1516 a
875 1460 977 1526 Lusco.

91 1557 94 1564 ‘
182 1561 406 1620 Gittermann'a
433 1561 688 1623 Reform-Gesch.
715 1583 776 1623 von
799 1562 996 1622 Ostsriealand
1015 1545 1058 1624 im
1079 1565 1140 1625 Ue-

108 1709 116 1719 ,
221 1647 366 1798 ῘΞΞΙΞΙῙἛ
396 1649 455 1798 2Cf.
491 1648 730 1712 Kirehenhistor.
759 1645 884 1711 Archiv.
915 1650 1007 1716 1824.
1041 1650 1082 1719 Η.
1109 1659 1139 1719 3.
1198 1675 1205 1685 ‘

381 2026 384 2039 ζ
490 1959 494 1968 ·
563 1953 599 2052 g.
626 1956 712 2028 142.

240 2162 280 2230 in
311 2173 419 2255 regno
450 2161 598 2231 Durriae
629 2171 664 2232 et
697 2160 918 2254 Nurwegiae
945 2165 1140 2235 reformatio

136 2265 374 2336 difficillimum
407 2268 611 2355 minimeque
642 2267 771 2334 laetum
803 2265 921 2334 habuit
955 2268 1141 2339 exordium.

135 2371 227 2439 Nam
253 2371 331 2438 Rex
355 2369 578 2439 Christianus
598 2368 651 2439 11.
680 2393 721 2439 ex
741 2371 879 2456 auaritia
905 2380 938 2438 et
962 2373 1141 2461 tyrannide

134 2475 269 2566 potius,
290 2497 392 2567 quam
421 2476 551 2542 siucero
577 2475 723 2541 veritatis
746 2497 880 2560 amore,
906 2473 1048 2543 Lutheri
1075 2476 1141 2544 do-

136 2578 279 2647 ctrinam
298 2577 480 2670 Episcopis
507 2587 542 2645 et
567 2577 706 2646 subditis
733 2600 837 2667 quum
863 2578 1045 2647 obtrudere
1066 2581 1142 2648 vel-⁴

139 2681 206 2768 let,
231 2681 278 2749 ita
301 2703 438 2749 exosam
462 2681 554 2749 illam
579 2681 679 2766 fecit,
705 2691 742 2749 ut
767 2689 846 2773 post
872 2681 944 2773 ejus
971 2683 1143 2773 expulsio·
1224 2748 1225 2753 ,

136 2807 217 2854 uem
243 2785 296 2876 (a.
321 2782 448 2876 1523)
473 2807 581 2853 novus
607 2808 669 2852 rex
694 2784 921 2870 Frsdertaaa,
953 2785 1031 2855 Dux
1051 2788 1142 2856 Hol-

137 2891 259 2976 miae,
293 2890 329 2958 ei
357 2887 511 2957 addictus
545 2896 580 2956 et
611 2911 633 2955 a
665 2887 748 2961 Joh.
785 2888 967 2984 Tarracone,
999 2889 1143 2960 Lutheri

137 2992 324 3085 discipulo,
347 2991 502 3085 adjutus,
529 3001 646 3061 contra
671 2993 921 3085 oppositionem
945 2993 1143 3085 Episcopo-

136 3119 215 3164 rum
240 3104 276 3164 et
296 3094 547 3174 Monachorum
573 3096 619 3162 nil
644 3105 760 3187 posset
785 3096 933 3166 efficere.
965 3096 1057 3165 =Sed
1083 3120 1143 3171 rex

142 3199 370 3270 Christianus
390 3198 470 3270 III.
495 3222 527 3266 a.
548 3196 650 3267 1536
676 3199 805 3268 meliori
827 3223 1000 3288 successu,
1021 3221 1143 3289 quarn-

136 3305 188 3373 vis
214 3304 410 3384 violentius,
435 3303 631 3394 Episcopus
657 3312 692 3370 et
716 3301 906 3370 Monachos
930 3303 1142 3394 refragantes

138 3407 335 3500 suppressit.
388 3406 580 3497 liturgiam
612 3415 646 3474 et
678 3404 863 3475 Ordinem'
880 3406 1144 3476 ecclesiasticum

138 3511 325 3582 Joaannes
340 3574 341 3579 ,
356 3509 632 3603 Bugenhugen,
678 3533 742 3601 per
782 3511 1044 3600 quinquennium
1088 3511 1144 3600 (a.

139 3612 372 3705 1537-42)
398 3637 443 3681 ex
464 3608 687 3682 Utriversitate
712 3613 949 3707 Vitebergensi
975 3623 1145 3706 euocatus,
1242 3607 1244 3618 ι

140 3743 219 3787 oum
241 3740 406 3787 consensu
428 3718 620 3804 Danorum,
645 3717 850 3786 reformavit.
902 3716 1144 3809 Archiepisco-

139 3837 225 3915 patu
251 3821 387 3892 sublato
413 3808 639 3913 Episcopatus
664 3828 828 3917 retentus,
856 3820 987 3889 sedita
1008 3820 1145 3891 modifi-

142 3937 254 4016 catus,
282 3935 320 3994 ut
345 3948 495 4020 nomen,
518 3925 663 4017 dignitas
686 3933 720 3993 et
745 3923 860 3992 officia
884 3923 1145 4019 Episcoporum

146 4031 434 4102 bunuariorum
459 4029 632 4122 principiis
657 4028 919 4100 Protestautiami
941 4032 1146 4099 nonobstaa
