2572 4732
257 413 341 482 Loc.
358 408 401 479 11.
425 406 590 480 Historia
603 406 1033 506 ecclesioeResormotoe.
1070 413 1143 485 191

145 623 283 692 qnoque
308 608 418 667 terrae
443 599 595 667 ordinem
620 598 882 669 ecclesiasticum
902 604 1142 694 praetulerunt.

143 707 217 775 Pax
243 712 276 772 et
302 701 492 788 concordia,
518 702 545 768 ei
571 702 721 792 singulos
747 725 841 771 casus
867 705 1024 797 excipias,
1048 709 1142 776 nullo

143 818 299 900 tempore
325 807 477 888 turbata3
511 803 658 893 ideoque
685 810 772 874 saec.
799 806 891 875 xlx.
911 811 1142 880 'reconciliatio

118 915 314 1012 'urnasque
342 908 558 977 confessionis
582 907 652 975 sine
673 908 914 1000 impedimento
933 903 1017 984 fuit.¹
1034 913 1141 982 Unio-

140 1015 194 1085 nis
226 1014 399 1082 decretum
434 1011 467 1086 d.
499 1009 558 1080 xl.
585 1011 677 1104 Aug.
712 1035 743 1097 a.
769 1011 870 1082 1817
901 1014 935 1083 in
964 1017 1141 1108 publicum

140 1118 311 1189 emissum.
703 1190 707 1201 s
804 1111 807 1119 ’

183 1252 212 1314 J.
232 1251 277 1312 H.
299 1247 473 1327 Steubing’o
499 1244 658 1307 Kirchen-
681 1265 712 1311 ιι.
734 1247 936 1318 Rei-Geech.
965 1252 1021 1313 der
1047 1254 1139 1323 Orcn,

225 1333 441 1397 Naooauiechen
462 1333 572 1397 Lande.
596 1330 688 1400 1804.
711 1335 740 1396 8.

185 1425 225 1485 Ν.
249 1424 287 1482 G.
307 1417 486 1500 Eichlroff’e
506 1417 834 1492 Kirchenrelormation
860 1419 893 1480 in
913 1422 1139 1488 Nasson-weil.

225 1507 301 1586 burg
321 1508 363 1566 im
384 1504 465 1566 XVI.
489 1503 592 1565 Jahrh.
616 1508 708 1570 1832.
731 1508 762 1570 8.

181 1593 225 1658 A.
245 1596 291 1653 Η.
315 1593 349 1653 0.
369 1587 599 1650 Heidenreielr’e
633 1588 833 1649 Actenstilcke
862 1589 916 1649 der
943 1589 1140 1677 Vereinigong

225 1679 281 1739 der
303 1697 351 1737 ev.
370 1675 482 1737 lother.
510 1695 542 1738 ιι.
563 1675 617 1735 res.
638 1674 749 1734 Kirche
769 1674 810 1733 im
833 1674 995 1756 Hernogth.
1016 1683 1139 1744 Nasson.

225 1765 269 1826 ct
291 1761 405 1826 Archiv
425 1763 447 1823 i.
468 1760 528 1821 alte
548 1781 581 1823 ιι.
601 1781 633 1823 ιι.
653 1759 883 1842 Kirchengeech.
904 1760 954 1826 lv.
977 1765 1011 1827 B.
1041 1774 1070 1834 1.
1092 1771 1137 1837 st.

562 1979 599 2082 ὃ.
627 1984 716 2059 196.

239 2142 331 2211 Inter
355 2138 514 2210 Civitates
534 2138 671 2230 In'rperii
691 2141 813 2210 liberas
832 2143 1024 2234 respublica
1042 2145 1136 2229 Bre-

135 2247 266 2318 meneio
292 2246 392 2314 unica
417 2243 500 2330 fuir,
525 2243 561 2310 in
589 2266 656 2333 qua
678 2244 872 2318 >Reformati
893 2250 1137 2338 praevalerent,
1211 2279 1248 2322 «A

136 2374 243 2442 quum
278 2350 428 2438 reliquae
464 2368 581 2414 omnes
616 2345 873 2417 Lotheranismo
901 2360 1011 2421 essent
1037 2354 1136 2422 addi-

135 2465 222 2524 ctae.
275 2453 372 2520 Idem
407 2449 502 2542 epod
535 2449 736 2519 Bremenses
770 2451 850 2519 inde
884 2455 929 2520 ab
963 2478 993 2526 a.
1023 2454 1135 2546 1522,

135 2560 196 2627 nbi
219 2555 397 2626 Hernicos
417 2554 583 2646 Zr'itplren
611 2552 797 2621 doctrinam
818 2558 1047 2648 evangelicam
1069 2561 1136 2628 do-

127 2660 214 2730 'coit
266 2659 338 2728 Sed
365 2666 443 2750 post
468 2656 691 2748 qnadraginta
715 2681 818 2726 annos
843 2659 1014 2731 Albertrte
1031 2661 1135 2732 Hor-

134 2762 319 2856 deaberg,
347 2763 468 2830 Pastor
496 2762 658 2830 ecclesiae
684 2761 908 2847 cathedralis,
938 2776 1134 2836 controver-

135 2871 220 2938 siam
244 2867 288 2934 de
313 2889 338 2934 s.
363 2887 468 2933 coena
490 2865 660 2953 excitavit,
690 2888 794 2954 qnae,
819 2876 899 2959 post
921 2864 1040 2938 multas
1061 2881 1134 2940 tur-

133 2973 213 3058 bas,
251 2992 328 3038 curn
356 2968 564 3059 theologicas
595 2977 665 3035 tom
692 2970 869 3060 politicae,
901 2970 990 3040 hanc
1016 2973 1134 3043 habuit

134 3076 277 3155 exitum,
316 3080 354 3139 nt
388 3092 504 3139 omnes
535 3070 635 3162 hujus
663 3072 753 3140 urbis
783 3073 963 3158 ecclesiae,
996 3087 1134 3169 praeter
1259 3159 1262 3168 Ι

134 3178 385 3258 cathedralem,
427 3172 520 3265 cujus
555 3176 718 3242 Patronus
743 3176 882 3243 Elector
910 3178 1134 3248 Hannovera-

132 3306 214 3367 noe,
249 3280 295 3348 ad
325 3277 563 3353 Calvinismnm
589 3278 783 3359 transirent,
814 3302 973 3369 eumque,
999 3282 1044 3349 ad
1072 3306 1133 3351 ex-

132 3385 285 3477 emplum
314 3382 536 3464 Batavorum,
570 3403 648 3448 cum
677 3380 797 3469 quibus
826 3406 961 3475 semper
990 3386 1132 3476 conjun-

132 3499 227 3572 ctae,
256 3508 363 3575 osque
392 3485 437 3552 od
464 3506 551 3551 saec.
576 3483 669 3551 XlX.
691 3506 733 3551 eo
762 3485 870 3554 acrius
899 3487 1138 3570 defenderent„

132 3614 203 3683 qno
231 3590 372 3682 rigidius
402 3588 697 3678 HamburgenseS,
725 3587 941 3658 Lnbecenses
966 3600 1000 3659 et
1020 3592 1131 3660 Fran·

131 3694 298 3764 cofortoni
332 3691 588 3761 Lntheranismo
624 3689 863 3761 adhaerebant.
915 3694 1015 3761 Nunc
1049 3716 1131 3764 vero

130 3807 175 3869 et
192 3799 229 3866 in
254 3797 307 3866 his
332 3804 436 3865 status
466 3792 707 3864 ecclesiasticos
735 3795 856 3864 mutari
884 3799 1007 3888 coepit

174 3932 294 3994 Manlii
319 3931 441 3990 Dissert.
473 3930 510 3989 dc
538 3927 602 3987 vita
628 3935 661 3988 et
684 3929 775 3988 rebus
800 3928 889 4009 gestit
908 3927 1032 3992 Henrici
1051 3929 1129 3994 Zin-

214 4017 305 4101 phen.
348 4017 392 4078 ef.
413 4015 519 4099 Ejurd.
540 4012 663 4080 Discat.
684 4012 777 4076 theol.
798 4034 829 4097 p.
849 4016 914 4082 459
935 4036 1015 4098 seqq.
1147 4107 1151 4119 Ι
