2572 4732
200 444 338 519 real.
347 444 517 541 Aborig.
526 449 708 535 ecctclrr.
721 471 814 543 usq.
811 449 1069 547 eddomlld.
1098 451 1176 535 32

187 652 284 693 cea
304 631 481 715 identitatis
498 634 674 705 sententiam
698 642 758 699 etc.
788 634 1147 716 Mogont.1789.f.et

226 714 281 783 Fr
303 708 404 776 Sontes·
405 700 567 776 ermundo
514 741 573 776 ιιιι
607 719 704 777 Ueber
732 720 791 779 deu
814 718 976 799 Gegensatz
997 716 1204 801 zwieclreiu

153 800 158 807 “
230 802 284 862 der
304 790 553 863 Sabelliauischen
575 824 608 864 ιι.
631 804 685 864 der
703 803 856 871 Athones.
869 806 1057 887 Vorctellung
1084 830 1147 870 von

228 889 284 951 der
305 888 449 955 Trinitiit.
478 890 525 953 ..V
549 889 654 955 Theoi.
676 889 822 963 Zoitsclu:
848 891 947 953 Berlin
980 899 1073 962 1822.
1103 895 1144 960 Η.

169 970 279 1034 lll
299 992 332 1054 p
349 964 414 1041 295
429 990 517 1055 seqq..

544 1246 548 1254 ·
582 1224 621 1327 J.
648 1228 711 1303 ιι.

218 1399 376 1471 Severius
397 1408 511 1491 tamen
529 1398 573 1469 de
588 1402 762 1490 doctrina,
788 1424 891 1495 quam
910 1403 1049 1477 Paulus
1067 1405 1141 1477 Sa-

138 1512 358 1589 mosatam,
383 1503 586 1597 Antiochiae
613 1505 813 1600 epiecopus,
845 1508 889 1577 de
914 1501 1007 1604 λόγῳ
1033 1530 1139 1579 exor-

137 1608 249 1695 navit,
274 1618 478 1695 actum-est.¹
522 1608 556 1677 ls
577 1609 670 1677 enim
695 1612 843 1702 primum
860 1635 891 1681 a.
913 1610 991 1681 264
1016 1612 1140 1697 haere-
1180 1689 1183 1695 ,
1213 1641 1215 1645 ’

137 1734 215 1780 seos
241 1721 433 1799 accusatae,
466 1720 502 1780 et
533 1710 656 1779 deiude
687 1714 722 1780 in
747 1712 900 1783 Concilio
924 1715 1138 1785 Antiocheno
1168 1713 1172 1721 '

136 1838 168 1884 a.
197 1812 275 1882 269
308 1816 495 1902 convictus,
532 1834 716 1884 amunere
749 1818 934 1910 episcopali
962 1819 1138 1888 discedere
1178 1876 1180 1881 ,

128 1918 248 2012 jussus
271 1928 331 2004 est
382 1920 510 2008 Aqno
546 1927 677 2039 antem,
726 1943 803 1988 cnm
835 1920 973 1991 decreto
1001 1923 1138 1993 minime
1204 1984 1209 1994 ,

137 2023 411 2121 obtemperaret,
452 2043 525 2115 non
553 2021 617 2089 uisi
648 2030 728 2115 post
758 2024 957 2113 trienninm,
990 2025 1137 2119 jubente

135 2116 321 2194 Aureliano
352 2126 461 2220 imp,
505 2106 632 2231 pulsus
664 2133 733 2195 est.
770 2126 828 2214 id,
861 2126 955 2216 quod
988 2129 1136 2221 primurn
1227 2192 1230 2197 .

135 2230 273 2339 poenae
308 2228 411 2297 civilis
439 2227 510 2297 ob
521 2236 748 2299 controversas
783 2177 962 2298 seiitentias
991 2232 1135 2300 inflictae

135 2340 187 2402 est
207 2332 455 2425 exemplum.
488 2331 546 2398 ln
561 2316 641 2399 luae
661 2351 744 2398 vero
783 2354 881 2400 causa
925 2353 993 2401 non
1024 2332 1136 2401 solum

133 2436 365 2531 theologicas,
391 2434 452 2504 sed
478 2418 741 2509 simultationes
773 2435 928 2529 politicas
953 2442 988 2506 et
1011 2443 1135 2529 perso-

133 2534 230 2619 noles
254 2538 500 2643 praevaluisse
508 2537 669 2608 videmus.

161 2712 207 2771 -ι,
227 2709 274 2775 c.
295 2708 438 2768 reuerita
460 2706 498 2766 aa
516 2705 634 2767 eamr
653 2706 741 2769 anun
760 2709 904 2779 samm.
928 2705 1021 2774 1741.
1042 2705 1077 2771 ι.
1103 2680 1130 2739 -’

175 2794 422 2885 testarum
444 2793 482 2857 de
503 2792 655 2859 mnibus
674 2792 759 2855 Pauli
780 2796 894 2861 Samos.
920 2792 1014 2861 1745.
1036 2790 1071 2864 4.

575 3034 700 3139 ιιι
790 3078 794 3085 -

210 3213 347 3283 Eodem
372 3211 445 3280 fere
476 3218 631 3302 tempere
667 3232 755 3285 nora
782 3209 818 3279 in
841 3207 957 3295 Persia
983 3214 1057 3277 orto
1082 3213 1134 3275 est

132 3316 304 3401 meede,
327 3317 437 3385 subito
465 3315 571 3405 louge
595 3314 731 3405 lateque
761 3310 936 3405 divulgata
956 3310 1133 3400 nullisque,
1170 3352 1177 3383 t

134 3416 235 3514 ιιιιι
249 3420 390 3512 experta
423 3426 492 3504 est,
519 3418 747 3487 vexationibus
779 3424 817 3485 et
841 3411 1130 3510 persecutionibus

134 3523 369 3620 opprimenda
420 3520 742 3643 dluuiehneiamue,
767 3519 825 3612 qui
851 3519 997 3589 al'ersa
1019 3513 1132 3585 Marte

136 3654 173 3699 ι.-
184 3627 352 3721 Mateta,
378 3625 474 3719 cujus
499 3623 637 3693 historia
662 3623 865 3693 obscuritate
890 3621 1039 3708 laborat,
1064 3641 1132 3688 uo-

134 3750 216 3802 meu
235 3730 355 3814 traxit,
385 3731 437 3799 ab
465 3727 596 3820 origine
629 3748 707 3795 eum
742 3723 971 3795 Gnosticismo
996 3743 1039 3791 ex
1063 3743 1132 3797 uuo

135 3838 229 3907 fonte
255 3854 411 3918 manans,
449 3854 530 3900 mox
558 3841 672 3900 tamen
708 3828 753 3897 ab
785 3828 843 3896 illo
876 3829 924 3895 ito
954 3824 1132 3917 divergere

137 3938 272 4031 coepit,
297 3944 335 4005 ut
356 3957 490 4004 omnem
516 3935 715 4004 christianae
735 3930 904 4025 religionis
929 3927 1080 3998 indolem
1097 3933 1133 3995 et

136 4052 294 4149 nuaram
331 4047 487 4131 mutare,
537 4036 796 4132 doctrinamque
826 4055 960 4137 mormn
991 4046 1132 4159 prprsus
