2572 4732
185 457 235 530 18
323 459 406 528 Pars
418 454 445 525 1.
483 452 647 531 Historia
670 450 842 524 ecelesiae
864 454 1044 547 antiquae.
1082 473 1085 476 ⁴

186 655 283 718 otum
302 645 515 715 tolerantiae
538 646 694 737 vocant),
726 643 780 711 cni
805 664 885 712 mox
910 645 1027 736 plores'
1052 640 1097 712 (le
1121 640 1188 712 im-

185 751 399 822 munitatibus
426 750 644 837 clericorum,
681 748 865 840 privilegiis
891 749 1125 834 ecclesiamm‚
1155 757 1189 816 et

188 857 255 925 diei
287 853 486 924 Dominicae
526 853 750 920 celebratione
791 852 888 944 leges
929 862 1006 919 sunt·
1041 852 1188 920 additae.

187 960 273 1029 ltem
295 958 532 1026 Constantinus
557 957 591 1024 in
621 978 723 1023 causa
748 954 950 1042 Meletianaq
981 957 1190 1024 Donatistica

190 1073 225 1132 et
258 1063 384 1132 Ariana
417 1085 438 1128 a
469 1061 620 1152 partibus
661 1060 823 1127 ecclcsiae
871 1058 1059 1128 catholicae
1098 1061 1189 1129 stetit

189 1189 333 1256 eamque
352 1175 534 1257 protegere
560 1162 695 1234 studuit.
747 1162 921 1248 Tandem,
946 1164 1036 1231 victo
1057 1164 1188 1250 Licino,

189 1294 220 1340 a.
236 1269 313 1337 324
332 1269 471 1359 publico
511 1266 622 1333 edicto
648 1287 685 1333 se
712 1264 940 1334 Christianum
966 1267 1190 1358 proclamavit

84 1365 88 1371 ’
188 1374 353 1466 regnique
390 1370 535 1439 Romani
568 1365 737 1456 subditae,
774 1379 812 1437 ut
837 1392 934 1437 suum
970 1371 1189 1459 sequerentur

190 1477 401 1566 exemplum,
423 1474 580 1542 invitavit.
617 1475 718 1543 Anno
740 1469 816 1540 325
836 1475 871 1540 in
895 1475 1006 1565 primo
1035 1473 1189 1542 Concilio

66 1640 70 1654 .
189 1579 407 1650 oecumenico
429 1578 559 1645 Niceno
575 1600 631 1645 res
655 1577 898 1644 ecclesiasticas
918 1577 1086 1646 moderari
1106 1584 1189 1647 coe'-

188 1685 242 1778 pit
267 1704 372 1773 seque
398 1681 589 1751 ἐπίσκοπον
610 1683 681 1750 τῶν
706 1673 807 1765 ἐκτός
831 1672 1024 1750 declaravit.
1146 1714 1148 1718 v

230 1868 372 1932 Edictum
392 1865 551 1927 Mediolan.
578 1866 765 1925 Constantini
794 1865 834 1925 M.
862 1873 891 1923 et
917 1866 1011 1926 Licini
1033 1867 1070 1926 de
1096 1867 1190 1928 renti-

272 1953 388 2016 tuenda
418 1953 539 2010 ecclesia
566 1952 675 2031 legitur
702 1954 836 2029 Lactaot.
858 1953 896 2010 de
918 1965 1008 2013 mort.
1030 1974 1139 2031 perseo.
1163 1974 1188 2012 c.

273 2042 325 2106 48.
347 2048 379 2098 et
406 2038 512 2098 Euseb.
541 2035 572 2101 h.
597 2058 620 2100 e.
646 2039 694 2113 X,
717 2039 745 2103 5.
789 2039 833 2096 De
859 2038 981 2116 reliquis
1003 2039 1189 2098 Constantini

275 2126 306 2184 in
328 2126 461 2184 favorem
482 2123 563 2201 relig.
587 2121 650 2182 chr.
672 2124 785 2203 legibus
815 2126 851 2186 cf.
876 2125 982 2206 Euseb.
1006 2125 1188 2188 vit.'Const.

272 2208 314 2276 u.
335 2209 386 2284 lv,
410 2213 460 2272 18.
483 2209 555 2267 coo.
578 2208 728 2271 aneoaos.
751 2211 829 2270 mu
850 2211 941 2274 nco.
962 2211 1024 2275 1.1-.
1041 2209 1069 2273 4.
1097 2214 1143 2270 m.
1158 2217 1187 2276 a.
1226 2202 1229 2205 ’

146 2306 147 2313 ’
273 2297 294 2357 l.
317 2300 345 2360 1.
368 2295 441 2357 eod.
462 2295 569 2355 Justin.
590 2295 614 2356 l.
634 2296 682 2358 tit.
700 2300 749 2362 13.
772 2297 839 2361 1.1.’
862 2298 908 2356 tit.
921 2303 952 2360 2.
978 2296 999 2358 l.
1019 2304 1048 2360 1.
1070 2297 1120 2359 lll.
1140 2299 1189 2358 tit.

230 2381 368 2548 Episloli
386 2384 486 2527 {bost
509 2464 549 2524 ad
570 2485 642 2526 suos
661 2465 789 2545 populos
809 2465 985 2524 invitatoria
1007 2467 1113 2528 Euseb.
1132 2468 1188 2534 rit.

195 2598 197 2602 .
274 2553 376 2612 (louet.
399 2550 440 2610 Μ.
453 2542 516 2615 ‘lib.'
529 2551 566 2610 ll.
588 2572 613 2614 c.
627 2551 669 2615 24
683 2570 764 2629 seqq.
806 2552 857 2610 Fr.
870 2551 1028 2610 Balduini
1050 2555 1087 2612 de
1108 2555 1189 2614 Corr-

272 2645 365 2731 stentf
387 2635 427 2699 M.
441 2635 495 2718 leg.
517 2637 588 2697 eccl.
610 2646 641 2696 et
662 2637 742 2700 civil.
755 2636 823 2696 libri
838 2637 872 2696 ll.
895 2637 942 2697 ed.
956 2637 1026 2700 Hal.
1043 2644 1135 2707 1727.
1158 2645 1188 2706 8.

629 2872 666 2973 q.
693 2875 753 2947 re.

266 3029 367 3100 Varia
394 3040 469 3098 sont
495 3040 647 3100 veterum
680 3041 715 3100 et
738 3030 962 3100 recentiorum
988 3030 1188 3122 scriptomm

188 3133 234 3202 (le
261 3134 471 3204 Constantini
496 3133 547 3202 M.
569 3134 716 3226 persona
733 3143 766 3203 et
788 3136 912 3202 meritis
931 3135 1071 3228 judicia.
1113 3135 1189 3202 Eu-

175 3235 301 3307 sebius
328 3220 564 3311 caefieensis
587 3237 726 3328 quidem
753 3246 787 3305 et
818 3239 936 3330 pluras
958 3241 1046 3307 inter
1071 3239 1188 3306 Patres

188 3341 327 3411 nimium
353 3351 389 3410 et
410 3342 491 3433 plus
517 3363 628 3431 aequo
650 3365 727 3409 eum
742 3335 912 3410 extollunt.
950 3338 1031 3409 ,ΑΙίἰ
1060 3351 1188 3428 contra,

188 3447 246 3535 qni
272 3447 460 3516 Arianismo
487 3444 617 3532 lavent,
634 3455 688 3526 Aut
721 3446 985 3535 Philostorgius‚
1019 3445 1188 3513 Sozome-

152 3563 158 3570 ’
187 3570 248 3616 nus
276 3546 311 3617 et
340 3549 510 3634 Zosimus⁹
544 3571 680 3617 omnem
706 3550 779 3616 fere
803 3549 868 3639 ipsi
902 3547 1086 3615 (letrahunt
1111 3550 1188 3616 lau-

187 3649 277 3720 dem.
329 3651 397 3736 Qui
420 3652 513 3719 nullo
533 3655 681 3744 partium
702 3653 812 3720 studio
839 3650 958 3718 ductus
983 3674 1099 3720 veram
1125 3675 1189 3720 voe-

187 3755 301 3844 qnitur
325 3755 499 3824 historiam
533 3757 637 3824 etad
663 3766 819 3824 eventum
845 3754 975 3846 potine,
1012 3777 1114 3843 quam
1141 3755 1188 3822 ad

187 3879 304 3927 causas
336 3859 490 3951 respicit,
529 3861 629 3929 facile
654 3861 765 3944 videt,
806 3860 906 3926 etiam
929 3856 985 3924 hic
1012 3859 1047 3925 in
1072 3859 1187 3926 medio

112 3964 115 3972 “
186 3961 371 4054 consistere
402 3962 588 4035 veritatem.
649 3962 762 4030 Multa
792 3984 872 4030 sane
900 3970 991 4047 sunt,
1032 3984 1120 4050 quae
1153 3964 1187 4029 in

185 4063 407 4162 Corratuntino
419 4065 564 4164 ejusque
581 4077 651 4136 tam
676 4069 809 4160 privata
832 4088 934 4158 quam
954 4066 1094 4159 publica
1118 4066 1187 4134 vita
