2572 4732
131 420 208 495 186
267 422 350 522 Pars
361 418 421 491 ut
445 370 611 528 Historia
625 417 747 489 cocles.
758 423 889 490 recent.
903 416 993 487 oevi.
1090 436 1097 443 ’

514 668 518 675 ·
559 671 596 775 §-
623 675 709 746 los.

237 845 499 920 Reformationis
527 849 563 917 iu
588 849 723 918 Ducatu
752 845 1060 941 Wu'rtembergr'co
1082 867 1136 913 so-

133 957 225 1026 mina
246 955 389 1024 Luthcri
414 952 546 1044 scriptis
565 951 641 1045 jam
667 977 697 1021 a.
713 948 815 1020 1519
842 948 969 1045 sparsa,
992 958 1138 1044 propter

132 1060 249 1129 turbas
274 1059 429 1151 politicas
450 1080 519 1125 nou
536 1056 600 1130 nisi
625 1057 669 1124 ab
696 1079 725 1123 a.
747 1052 868 1145 1534,
894 1054 982 1123 duca
1013 1053 1138 1122 Unico

114 1164 305 1247 ¹restituto,
332 1162 460 1230 fructus
483 1160 644 1234 tulerunt.
671 1157 851 1228 Matthias
872 1158 1039 1244 Albanus,
1061 1155 1138 1224 Er·

136 1267 276 1336 hardus
293 1263 461 1360 Snepfius
487 1273 521 1331 ct
547 1262 757 1332 Ambrosius
772 1261 949 1351 Blaurer,
977 1284 1019 1330 ex
1040 1283 1137 1329 man⁴

17 1357 23 1369 ’
136 1369 221 1439 dato
250 1370 374 1452 Ducis,
413 1389 509 1435 sacra
541 1367 771 1435 emendarunt.
823 1366 926 1434 Hisce
958 1364 1139 1434 triumviris

136 1495 173 1542 sc
193 1471 306 1564 junxit
329 1470 513 1540 Johunoes
537 1468 721 1554 Boeotius,
753 1468 804 1537 uir
829 1470 1004 1562 egregius,
1040 1467 1138 1561 cujus

137 1577 263 1666 scripta
296 1573 467 1642 Lutherus
501 1573 566 1641 suis
598 1574 701 1667 louge
730 1573 954 1664 pracferenda
985 1572 1140 1641 modesto

137 1680 290 1770 putavit,
329 1679 455 1768 quique
492 1696 600 1744 verus·
627 1677 941 1768 Wiirtembergicac
975 1677 1139 1744 ecclcsiae

138 1791 241 1849 stator
269 1780 441 1848 dicendus.
491 1780 628 1847 Bellum
655 1780 961 1849 Schmalcaldicum
988 1788 1028 1863 et·
1046 1780 1140 1848 lutc-

137 1886 202 1953 rim
228 1907 351 1952 novam
375 1883 551 1952 ecclesiam
578 1893 613 1950 et
636 1884 814 1951 Brentium
838 1882 1019 1952 innumeris
1045 1885 1140 1975 peri·

139 1987 223 2055 culis
249 1988 411 2076 malisque
437 1986 650 2069 adfecerunt3
677 1986 738 2055 scd
763 1997 841 2079 post
865 1996 1002 2079 pactum
1017 1988 1140 2055 Passa-

130 2093 253 2181 ¹vicuse
280 2090 435 2158 Brentius
466 2091 578 2158 omnia
602 2090 638 2157 iu
662 2091 831 2182 integrum
856 2091 995 2158 restituit
1024 2091 1141 2158 simui·
1172 2086 1174 2091 ’

140 2217 226 2285 que,
254 2215 296 2262 cx
321 2191 479 2262 mandato
510 2193 756 2286 christophori
780 2194 902 2277 Ducis,
940 2192 1141 2287 Confessio·

81 2320 83 2324 *
138 2319 227 2366 nem
258 2294 624 2390 'Wdrtcmbergioom,
665 2296 788 2365 eodem
818 2298 966 2366 consilio·
983 2321 1024 2365 ac
1052 2306 1141 2366 tem-

139 2425 238 2494 pore,
264 2423 333 2489 quo
348 2400 524 2487 Saxonica,
551 2401 720 2492 scriptam,
752 2399 904 2470 Concilio
930 2401 1142 2488 Tridentino,

141 2506 187 2574 ad
213 2504 307 2594 quod
331 2512 446 2571 tamen
470 2525 538 2571 non
560 2502 740 2590 admissor,
767 2503 924 2572 exhibuit.
965 2504 1063 2573 Idem
1083 2529 1142 2574 us-

141 2630 208 2698 qne
234 2607 278 2675 ad
304 2616 448 2675 mortem
482 2607 535 2696 (a.
558 2604 685 2700 157⁰)
717 2631 839 2701 pacem
865 2617 900 2677 ct
925 2609 1143 2678 concordiam

140 2710 309 2779 indefesso
335 2702 446 2778 studio
470 2711 650 2802 promovit.
1140 2740 1142 2746 ’

187 2879 259 2940 our.
289 2881 331 2939 M.
358 2880 458 2962 Pfoff
477 2881 642 2945 comment.
676 2881 713 2941 de
742 2882 816 2942 actis
847 2880 1025 2962 scriptisque
1056 2880 1141 2961 publ.

224 2964 298 3027 cccl.
319 2966 541 3047 wurtemberg.
565 2971 656 3032 1718.
679 2967 711 3033 4.

183 3049 258 3110 Chr.
273 3053 326 3118 m.
344 3052 537 3117 Schnurrer’s
557 3053 706 3112 Erltiuter.
728 3051 782 3111 der
802 3051 971 3116 Wiirtemb.
993 3049 1144 3112 Kirchen-

222 3137 306 3197 Res.-
327 3156 358 3197 u.
382 3132 641 3218 Gelehrtengesch.
664 3141 754 3203 1798.
776 3144 807 3206 8.

188 3223 264 3285 Vtra
282 3222 351 3283 Jolz.
372 3228 496 3285 Brentii
516 3233 596 3298 auct.
618 3245 647 3286 ν.
668 3226 778 3286 Einem
798 3233 829 3283 ot
848 3222 1032 3304 Beysclrlag.

566 3412 602 3514 c.
630 3413 716 3486 rso.

244 3584 361 3671 Quum
386 3588 420 3657 iu
448 3587 579 3660 Silesia
602 3590 824 3659 Hussitarum
842 3583 937 3653 haud
962 3583 1065 3676 pauci
1094 3583 1146 3650 la-

140 3696 265 3776 terent,
298 3713 342 3758 eo
366 3691 497 3762 facilius
522 3692 666 3762 Lutheri
692 3692 844 3761 doctrina
868 3689 987 3756 habuit
1013 3688 1148 3779 ingres-

141 3813 226 3863 sum.
265 3791 475 3867 Friderr'ous
495 3794 561 3883 II,
586 3798 666 3866 Dux
689 3794 909 3888 Liguicicnsis
933 3800 967 3859 ct
988 3791 1146 3883 Brcgcu-

141 3894 203 3979 sis,
242 3895 286 3963 ab
318 3922 349 3966 a.
378 3896 478 3968 1521
511 3901 641 3992 primus
664 3899 748 3991 'ojus
782 3899 846 3967 fuit
878 3897 1000 3965 fautor.
1052 3894 1146 3962 luse-

140 4005 262 4087 quutus
298 4010 348 4070 est
381 4001 628 4099 Magistratus
664 4000 969 4084 Vroticloviensis,
1005 3995 1147 4067 Johou·
