2572 4732
254 452 329 522 rer.
345 452 389 524 rr.
416 452 455 522 A
472 452 590 528 emer.
604 451 659 526 ru.
672 478 749 550 ese
763 459 818 529 aa
834 459 996 558 nege.
1013 415 1090 536 rus
1118 468 1171 541 oo
1253 480 1256 486 ·

157 632 318 708 tribuitur
342 634 492 732 et'quae
515 664 643 712 nomen
674 644 1017 738 uueopaseuitoerom
1041 667 1165 748 protu-

156 745 214 825 lit,
242 743 418 812 einssioum
433 753 522 831 erat,
549 769 618 835 quo
641 745 804 818 Monachi
826 748 960 843 Syriam
986 768 1020 827 et
1039 760 1163 856 'Aegy-

155 856 258 940 ptum
292 847 474 916 crudeliter
510 851 694 922 turbarent.
758 853 983 947 Imperatores
1017 861 1093 932 Leo
1117 860 1186 950 L,

155 951 257 1021 zeno
271 950 342 1038 ·1.‚-
365 951 557 1022 Anastasius
593 964 628 1023 et
665 956 815 1027 Justinus
841 959 867 1027 i.
900 961 1025 1032 frustra
1058 971 1164 1038 annisi

155 1063 235 1123 sunt
258 1062 367 1122 tantas
403 1074 609 1146 componere
641 1059 716 1128 lites
749 1072 785 1129 et
816 1065 943 1133 turbas.
1004 1060 1164 1141 Feliciori
1262 1048 1266 1057 ,

156 1178 314 1233 necessu
336 1154 559 1228 Jestinianas
580 1159 612 1229 I.
641 1165 811 1255 superarit
842 1165 1106 1262 Mouophysitas
1131 1160 1160 1244 a

153 1262 280 1354 vigilio
315 1261 473 1331 Romano
506 1266 576 1333 sine
613 1265 737 1335 effectu
763 1269 922 1340 defensos
956 1283 991 1341 et
1016 1264 1158 1347 dissidiis

152 1367 291 1434 internis
315 1364 515 1438 debilitatos.
558 1368 781 1441 Nihilominus
801 1398 925 1467 magna
946 1400 1063 1447 eorum
1078 1403 1159 1472 pars

151 1470 244 1538 hane
269 1470 409 1538 Sectam
432 1464 478 1538 itui
499 1473 718 1562 continuavit,
738 1484 775 1544 ut
795 1479 829 1546 in
854 1480 1031 1568 Armenia,
1056 1482 1157 1576 Syria

151 1584 188 1643 et
222 1573 385 1664 Aegypto
420 1582 488 1642 tres
526 1576 774 1649 Patriarchatus
808 1580 1076 1676 Monophysitici
1102 1588 1156 1657 ,ad

149 1677 330 1746 novissima
354 1684 510 1770 tempora
530 1679 767 1770 perdurarent.

192 1881 362 1940 Aesemani
386 1879 507 1940 Dissert.
530 1881 568 1940 de
591 1869 815 1966 Menophysitis,
835 1887 910 1947 Bibl.
933 1890 986 1953 Or.
1009 1891 1043 1970 Τ.
1066 1892 1102 1956 Η.

193 1983 328 2045 Koecher
346 1981 626 2063 Menophysitarum
649 1992 793 2050 sententia
813 1991 849 2050 de
861 2011 989 2072 persona
1010 2002 1041 2051 et
1060 2004 1152 2055 natu-

227 2069 271 2129 ris
292 2068 360 2127 iesu
382 2067 451 2131 Chr.
476 2071 567 2135 1751.
588 2075 619 2137 4.
751 2088 753 2093 ’

192 2173 260 2233 Jon.
287 2168 458 2230 Abudacni
484 2165 609 2232 historia
643 2175 856 2237 sacobitarum.
889 2178 945 2240 Ed.
973 2180 998 2240 J.
1028 2180 1150 2243 Nicolai.

235 2257 329 2338 Lugd.
352 2258 417 2318 Bat.
440 2255 530 2324 1740.
552 2261 582 2322 8.

587 2531 711 2633 §.aa
825 2610 828 2616 ,
960 2468 1024 2499 ”

231 2704 467 2782 annorersia
496 2708 740 2802 origenistam
763 2731 839 2777 cum
861 2708 1149 2809 Menophysitioa,
1254 2708 1256 2710 ’

143 2834 215 2881 non
246 2814 376 2885 ratione
418 2814 630 2908 argumenti,
662 2813 724 2882 sed
755 2815 884 2884 ratione
917 2816 1079 2907 temporis
1113 2823 1147 2883 et

142 2924 366 3009 personarum
382 2918 589 2996 eohaeretet
614 2918 808 2986 societatem
829 2918 997 3009 quandam
1021 2916 1145 2989 Orien-

143 3020 222 3088 talis
248 3021 539 3092 etoecunntalis
566 3021 728 3091 ecclesiae
750 3029 897 3091 testatur.
951 3023 1166 3101 Jam·suet.{

141 3123 197 3194 lv
214 3125 377 3216 §.Vde
402 3124 561 3223 origenis
588 3123 790 3193 orthodoxia
816 3133 850 3213 et
873 3126 1167 3216 interpretatione·
1232 3163 1235 3167 ·

143 3228 403 3301 a·,'uiris..dootis
421 3231 457 3297 in
481 3235 808 3319 utramquepartem
830 3227 1035 3320 disputatum
1061 3235 1142 3302 erat.
1217 3257 1220 3264 ·

142 3331 238 3400 Inter
277 3331 476 3403 'defensores
513 3330 584 3423 ejus
625 3325 771 3399 eminent
812 3331 994 3424 Dionysius
1028 3331 1162 3417 Alere,
1242 3329 1251 3342 '

144 3434 336 3526 Gregorius
364 3435 658 3526 Thaumaturgan,
687 3434 909 3525 Pamphilus,
936 3434 1164 3525 chryseos-1

143 3560 238 3622 mus,
262 3540 577 3629 Rufinus-aliique,
602 3536 647 3605 ad
673 3559 758 3625 quos
784 3538 938 3623 tandem,
964 3560 1008 3606 ert
1034 3544 1142 3628 parte,

143 3641 334 3712 accedebat
354 3643 599 3734 Hieronymus.
627 3639 846 3709 ··Adversarii
879 3649 973 3718 erant
1000 3638 1141 3710 Metho-

143 3746 237 3833 dius,
262 3744 494 3840 Epiphanius,
527 3742 732 3813 Theodorus
752 3743 1025 3836 -Mopsvesnnus,
1054 3765 1141 3835 prae
1207 3788 1210 3791 ι

153 3849 254 3919 eteris
280 3861 392 3919 autem
431 3848 647 3943 Theophilus
671 3847 943 3923 Alexandrinus
970 3857 1006 3917 et
1032 3847 1139 3916 Men-

156 3974 203 4021 ns
226 3951 403 4028 Constant.
435 3957 528 4050 Patr.
588 3951 656 4020 Hie
681 3952 729 4019 in
743 3950 886 4043 Synodo
909 3950 1083 4021 Constant
1108 3969 1151 4020 a·

129 4048 213 4127 544
241 4062 306 4131 sub
323 4059 528 4133 dustiniauo
552 4056 784 4150 Imperatore,
835 4055 903 4147 qui,
917 4056 991 4150 ipre
1016 4055 1149 4135 ueram..
