2572 4732
201 439 280 513 222
330 439 414 513 Pus
429 436 490 509 lll.
520 435 687 510 Historia
702 437 828 508 edules.
842 445 976 511 recent.
989 439 1084 514 aeui.

154 604 158 620 Ι
201 631 272 701 lune
297 628 523 722 argumentis,
557 627 681 718 quibus
704 627 904 699 defensores
927 628 1093 698 eeclesias
1125 627 1214 698 Gal·
1247 712 1249 717 Ι

76 786 84 801 .
202 736 333 807 liesnae
363 733 446 801 olim
475 731 526 803 usi
557 741 651 821 sunt,
684 732 902 805 vindicantur.
958 731 1064 803 Hune
1089 733 1216 802 librum

202 823 475 910 Remanenstlms
499 836 647 906 maxime
671 837 814 906 invisum
845 837 969 906 frustra
1001 837 1216 931 supprimere

205 943 317 1014 eonati
341 949 434 1024 sunt3
459 939 522 1009 sed
547 941 662 1034 potius
686 941 722 1010 iu
744 940 900 1010 universa
917 939 1123 1028 Germania,
1150 941 1216 1011 ad·

204 1066 332 1138 eoque.
347 1043 383 1113 in
415 1044 514 1113 ltalia
544 1053 647 1135 atque
678 1045 860 1138 Hispania,
893 1044 938 1113 ab
962 1045 1149 1139 Episcupis
1181 1053 1216 1114 et

201 1149 396 1242 Theelegis
419 1149 563 1218 mirilico
588 1149 712 1240 plausu
735 1158 916 1241 exceptus,
941 1172 1032 1218 noua
1044 1148 1136 1244 juris
1151 1172 1216 1219 ea·

202 1255 317 1325 noniei
339 1253 508 1348 principia
532 1252 638 1346 longe
660 1253 797 1343 lateque
819 1252 1036 1348 propagauit.
1058 1271 1059 1274 ’

246 1423 364 1485 lentim·
384 1421 544 1499 Ριόνοηίιῒ,
572 1419 654 1498 icti,
686 1421 725 1481 de
748 1430 830 1483 stetu
858 1420 999 1482 eeclesiae
1026 1430 1058 1490 et
1081 1419 1216 1501 legitima

290 1517 440 1592 potestate
474 1509 604 1569 Romani
638 1508 791 1568 Pontificis
824 1507 900 1567 liber
926 1506 1083 1589 singultatis
1114 1517 1146 1570 et
1176 1508 1216 1568 ud

289 1594 474 1657 reuniendos
506 1594 684 1655 dissidentes
710 1595 743 1654 in
771 1594 912 1673 religione
934 1592 1000 1658 clm.
1022 1593 1216 1676 compositus.

291 1685 386 1748 1768·
400 1679 433 1746 4
445 1680 548 1746 Εᾶ..2
570 1684 664 1747 1763
682 1681 780 1745 Ens
802 1681 1048 1746 multo'suctior.
1073 1685 1172 1747 17⁷0.
1185 1679 1217 1747 4.

291 1767 326 1830 T.
349 1767 386 1826 ll.
416 1765 574 1826 ulteriores
593 1785 699 1844 graves
725 1765 872 1827 vindicias
893 1776 973 1827 cunt
998 1767 1034 1836 T.
1055 1766 1094 1832 ll.
1123 1767 1157 1829 P·
1175 1766 1216 1837 ll

290 1852 324 1915 T.
346 1853 394 1914 lll
418 1852 451 1918 P.
472 1851 494 1911 1.
516 1851 552 1914 ll.
578 1850 758 1917 1770-74
780 1852 811 1917 4.
838 1856 850 1929 (
862 1851 1029 1915 Felnonius
1053 1852 1218 1915 abbrevia·

162 1944 164 1950 ’
289 1945 356 2083 Itpsl
365 1945 396 1998 et
417 1936 603 2004 emendatus.
633 1936 725 2003 1777.
747 1937 841 2021 4)
839 1939 939 2005 Verss.
960 1939 1062 2005 Germ.
1084 1936 1165 2004 Gall.
1186 1946 1217 1998 st

319 2043 336 2081 a

247 2110 368 2171 Ιιιειίιιί
401 2108 546 2168 Febronii
580 2107 812 2168 commentia
841 2129 926 2170 susm
956 2109 1217 2186 Retraetstionem

290 2195 343 2256 Pio
366 2194 416 2260 Vl.
437 2215 465 2257 u.
489 2197 572 2261 1778
596 2193 783 2260 submissam.
808 2197 899 2259 1781.
920 2193 952 2260 4.

247 2279 458 2342 Brielwechsel
478 2279 629 2340 zwischen
659 2279 726 2339 dem
749 2280 934 2348 Kurfsirsten
960 2283 1096 2345 Clemens
1117 2281 1215 2345 wen-

289 2367 359 2433 eesl.
379 2388 444 2426 von
465 2367 552 2426 Trier
571 2385 604 2432 u.
626 2365 696 2427 dem
715 2365 927 2433 Weihbisehoi
942 2371 982 2432 N.
996 2389 1030 2436 u.
1046 2368 1218 2434 Hontheim

289 2453 367 2512 iiber
389 2452 442 2512 das
463 2452 595 2514 Buchl.
616 2451 795 2511 Febronius.
819 2456 911 2520 1813.
934 2459 965 2520 8.

248 2540 301 2601 Fr.
322 2537 365 2598 A.
394 2539 549 2598 zaccaria
576 2537 674 2596 Ansi-
681 2536 859 2604 Febronius
890 2544 983 2608 1767.
1011 2538 1046 2604 Τ.
1068 2536 1096 2602 Ι.
1118 2532 1157 2601 ll.
1178 2539 1217 2616 4.

290 2623 434 2706 Ejusdem
459 2625 555 2686 Anti·
563 2623 732 2686 Febsonius
753 2623 936 2694 vindicatus.
968 2628 1161 2732 1771-72.
1174 2610 1216 2690 T.

609 2908 817 2922 m

448 3021 839 3147 'rumonus
879 3076 921 3146 v.

352 3225 409 3296 Ab
434 3249 465 3294 a.
492 3224 729 3321 lusumque
755 3228 955 3301 adnostros
982 3227 1065 3297 dies.

623 3410 789 3422 nus—*—

626 3549 783 3652 iffi
908 3560 910 3571 ‘

303 3723 510 3794 dmuitsrum
533 3731 727 3823 umognntia
752 3730 1009 3824 perpetuaeque
1032 3728 1214 3806 maehina-

122 3871 124 3874 >
197 3826 309 3895 tiones
335 3829 455 3898 odium
488 3851 668 3904 commune
706 3833 913 3925 reliquarum
945 3831 1212 3922 Mnnaehnrnm,

195 3929 350 4052 inprimis
375 3933 693 4028 Dsuninieanorum
717 3934 1020 4008 Benedictinorum
1044 3947 1081 4007 et
1099 3937 1212 4007 Fran-

196 4057 428 4128 munerun,
451 4061 518 4108 nee
540 4062 613 4112 nnn
635 4042 776 4138 Regum
799 4064 846 4112 ae
869 4029 1066 4135 Psineipum
1088 4041 1210 4115 estne
